@unpublished{wpcold,
        author = {Detmold, William and Edwards, Robert and Dudek, Jozef and Engelhardt, Michael and Lin, Huey-Wen and Meinel, Stefan and Orginos, Kostas and Shanahan, Phiala},
        date = {2019},
note = {Whitepaper: Hadrons and Nuclei}
}

@unpublished{wpcomp,
        author = {Joo, Balint and Jung, Chulwoo},
        date = {2019},
note = {Whitepaper: Computations}
}

@unpublished{wpfund,
        author = {Davoudi, Zohreh and Izubuchi, Taki},
        date = {2019},
note = {Whitepaper: Fundamental Symmetries}
}

@unpublished{wphep,
        author = {Lehner, Christoph},
        date = {2019},
note = {Whitepaper: Flavor Physics}
}

@unpublished{wpthermo,
        author = {Bazavov, Alexei and Karsch, Frithjof and Mukherjee, Swagato and Petreckzy, Peter},
        date = {2019},
note = {Whitepaper: Hot Dense Lattice QCD}
}

@unpublished{wpneutrino,
        author = {Kronfeld, Andreas S. and Richards David G. and Detmold, William and Lin, Huey-Wen and Sufian, Raza and Syritsin, Sergey},
        date = {201},
note = {Whitepaper: Neutrinos}
}

@unpublished{wpbsm,
        author = {Brower, Richard and Hasenfratz, Anna and Neil, Ethan and Catterall, Simon and Fleming, George and Giedt, Joel and Rinaldi, Enrico and Schaich, David and Weinberg, Evan and Witzel, Oliver},
        date = {2019},
note = {Whitepaper: Beyond the Standard Model}
}
