@article{Francis:2018qch,
      author         = "Francis, A. and Green, J. R. and Junnarkar, P. M. and
                        Miao, Ch. and Rae, T. D. and Wittig, H.",
      title          = "{Lattice QCD study of the $H$ dibaryon using hexaquark
                        and two-baryon interpolators}",
      journal        = "Phys. Rev.",
      volume         = "D99",
      year           = "2019",
      number         = "7",
      pages          = "074505",
      doi            = "10.1103/PhysRevD.99.074505",
      eprint         = "1805.03966",
      archivePrefix  = "arXiv",
      primaryClass   = "hep-lat",
      reportNumber   = "CERN-TH-2018-098, DESY 18-066, HIM-2018-02, MITP/18-030,
                        TIFR/TH/18-12, DESY-18-066, MITP-18-030, TIFR-TH-18-12,
                        MITP/18-030,
  TIFR/TH/18-12",
      SLACcitation   = "%%CITATION = ARXIV:1805.03966;%%"
}
@article{Antognini:1900ns,
      author         = "Antognini, Aldo and others",
      title          = "{Proton Structure from the Measurement of $2S-2P$
                        Transition Frequencies of Muonic Hydrogen}",
      journal        = "Science",
      volume         = "339",
      year           = "2013",
      pages          = "417-420",
      doi            = "10.1126/science.1230016",
      SLACcitation   = "%%CITATION = SCIEA,339,417;%%"
}

@article{Alarcon:2018irp,
      author         = "Alarcón, J. M. and Weiss, C.",
      title          = "{Accurate nucleon electromagnetic form factors from
                        dispersively improved chiral effective field theory}",
      journal        = "Phys. Lett.",
      volume         = "B784",
      year           = "2018",
      pages          = "373-377",
      doi            = "10.1016/j.physletb.2018.07.060",
      eprint         = "1803.09748",
      archivePrefix  = "arXiv",
      primaryClass   = "hep-ph",
      reportNumber   = "JLAB-THY-18-2675",
      SLACcitation   = "%%CITATION = ARXIV:1803.09748;%%"
}
@article{Bouchard:2016gmc,
      author         = "Bouchard, Chris and Chang, Chia Cheng and Orginos, Kostas
                        and Richards, David",
      title          = "{Matrix elements from moments of correlation functions}",
      booktitle      = "{Proceedings, 34th International Symposium on Lattice
                        Field Theory (Lattice 2016): Southampton, UK, July 24-30,
                        2016}",
      journal        = "PoS",
      volume         = "LATTICE2016",
      year           = "2016",
      pages          = "170",
      doi            = "10.22323/1.256.0170",
      eprint         = "1610.02354",
      archivePrefix  = "arXiv",
      primaryClass   = "hep-lat",
      reportNumber   = "JLAB-THY-16-2369",
      SLACcitation   = "%%CITATION = ARXIV:1610.02354;%%"
}
@article{Burkardt:2002hr,
      author         = "Burkardt, Matthias",
      title          = "{Impact parameter space interpretation for generalized
                        parton distributions}",
      journal        = "Int. J. Mod. Phys.",
      volume         = "A18",
      year           = "2003",
      pages          = "173-208",
      doi            = "10.1142/S0217751X03012370",
      eprint         = "hep-ph/0207047",
      archivePrefix  = "arXiv",
      primaryClass   = "hep-ph",
      SLACcitation   = "%%CITATION = HEP-PH/0207047;%%"
}
@article{Miller:2007uy,
      author         = "Miller, Gerald A.",
      title          = "{Charge Density of the Neutron}",
      journal        = "Phys. Rev. Lett.",
      volume         = "99",
      year           = "2007",
      pages          = "112001",
      doi            = "10.1103/PhysRevLett.99.112001",
      eprint         = "0705.2409",
      archivePrefix  = "arXiv",
      primaryClass   = "nucl-th",
      reportNumber   = "NT@UW-07-07",
      SLACcitation   = "%%CITATION = ARXIV:0705.2409;%%"
}
@article{Carlson:2007xd,
      author         = "Carlson, Carl E. and Vanderhaeghen, Marc",
      title          = "{Empirical transverse charge densities in the nucleon and
                        the nucleon-to-Delta transition}",
      journal        = "Phys. Rev. Lett.",
      volume         = "100",
      year           = "2008",
      pages          = "032004",
      doi            = "10.1103/PhysRevLett.100.032004",
      eprint         = "0710.0835",
      archivePrefix  = "arXiv",
      primaryClass   = "hep-ph",
      reportNumber   = "WM-07-109, JLAB-THY-07-738",
      SLACcitation   = "%%CITATION = ARXIV:0710.0835;%%"
}
@article{Hofstadter:1955ae,
      author         = "Hofstadter, R. and McAllister, R. W.",
      title          = "{Electron Scattering From the Proton}",
      journal        = "Phys. Rev.",
      volume         = "98",
      year           = "1955",
      pages          = "217-218",
      doi            = "10.1103/PhysRev.98.217",
      SLACcitation   = "%%CITATION = PHRVA,98,217;%%"
}
@article{Chambers:1956zz,
      author         = "Chambers, E. E. and Hofstadter, R.",
      title          = "{Structure of the Proton}",
      journal        = "Phys. Rev.",
      volume         = "103",
      year           = "1956",
      pages          = "1454-1463",
      doi            = "10.1103/PhysRev.103.1454",
      SLACcitation   = "%%CITATION = PHRVA,103,1454;%%"
}

@article{Bali:2016lva,
      author         = "Bali, Gunnar S. and Lang, Bernhard and Musch, Bernhard U.
                        and Schäfer, Andreas",
      title          = "{Novel quark smearing for hadrons with high momenta in
                        lattice QCD}",
      journal        = "Phys. Rev.",
      volume         = "D93",
      year           = "2016",
      number         = "9",
      pages          = "094515",
      doi            = "10.1103/PhysRevD.93.094515",
      eprint         = "1602.05525",
      archivePrefix  = "arXiv",
      primaryClass   = "hep-lat",
      SLACcitation   = "%%CITATION = ARXIV:1602.05525;%%"
}
@article{Syritsyn:2017jrc,
      author         = "Syritsyn, Sergey and Gambhir, Arjun S and Musch, Bernhard
                        and Orginos, Kostas",
      title          = "{Constructing Nucleon Operators on a Lattice for Form
                        Factors with High Momentum Transfer}",
      booktitle      = "{Proceedings, 34th International Symposium on Lattice
                        Field Theory (Lattice 2016): Southampton, UK, July 24-30,
                        2016}",
      journal        = "PoS",
      volume         = "LATTICE2016",
      year           = "2017",
      pages          = "176",
      doi            = "10.22323/1.256.0176",
      SLACcitation   = "%%CITATION = POSCI,LATTICE2016,176;%%"
}
@article{Michael:1985ne,
      author         = "Michael, Christopher",
      title          = "{Adjoint Sources in Lattice Gauge Theory}",
      journal        = "Nucl. Phys.",
      volume         = "B259",
      year           = "1985",
      pages          = "58-76",
      doi            = "10.1016/0550-3213(85)90297-4",
      reportNumber   = "LTH 125",
      SLACcitation   = "%%CITATION = NUPHA,B259,58;%%"
}
@article{Vachaspati:2014bda,
      author         = "Vachaspati, Pranjal and Detmold, William",
      title          = "{Fast Evaluation of Multi-Hadron Correlation Functions}",
      booktitle      = "{Proceedings, 32nd International Symposium on Lattice
                        Field Theory (Lattice 2014): Brookhaven, NY, USA, June
                        23-28, 2014}",
      journal        = "PoS",
      volume         = "LATTICE2014",
      year           = "2014",
      pages          = "041",
      doi            = "10.22323/1.214.0041",
      eprint         = "1411.3691",
      archivePrefix  = "arXiv",
      primaryClass   = "hep-lat",
      reportNumber   = "MIT-CTP-4612",
      SLACcitation   = "%%CITATION = ARXIV:1411.3691;%%"
}

@article{Hoferichter:2016duk,
      author         = "Hoferichter, M. and Kubis, B. and Ruiz de Elvira, J. and
                        Hammer, H. -W. and Meißner, U. -G.",
      title          = "{On the $\pi\pi$ continuum in the nucleon form factors
                        and the proton radius puzzle}",
      journal        = "Eur. Phys. J.",
      volume         = "A52",
      year           = "2016",
      number         = "11",
      pages          = "331",
      doi            = "10.1140/epja/i2016-16331-7",
      eprint         = "1609.06722",
      archivePrefix  = "arXiv",
      primaryClass   = "hep-ph",
      reportNumber   = "INT-PUB-16-031",
      SLACcitation   = "%%CITATION = ARXIV:1609.06722;%%"
}

@article{Belushkin:2006qa,
      author         = "Belushkin, M. A. and Hammer, H. -W. and Meissner, U. -G.",
      title          = "{Dispersion analysis of the nucleon form-factors
                        including meson continua}",
      journal        = "Phys. Rev.",
      volume         = "C75",
      year           = "2007",
      pages          = "035202",
      doi            = "10.1103/PhysRevC.75.035202",
      eprint         = "hep-ph/0608337",
      archivePrefix  = "arXiv",
      primaryClass   = "hep-ph",
      reportNumber   = "HISKP-TH-06-25",
      SLACcitation   = "%%CITATION = HEP-PH/0608337;%%"
}