@article{Ali:2017jda,
      author         = "Ali, Ahmed and Lange, Jens Sören and Stone, Sheldon",
      title          = "{Exotics: Heavy Pentaquarks and Tetraquarks}",
      journal        = "Prog. Part. Nucl. Phys.",
      volume         = "97",
      year           = "2017",
      pages          = "123-198",
      doi            = "10.1016/j.ppnp.2017.08.003",
      eprint         = "1706.00610",
      archivePrefix  = "arXiv",
      primaryClass   = "hep-ph",
      reportNumber   = "DESY-17-071",
      SLACcitation   = "%%CITATION = ARXIV:1706.00610;%%"
}

@article{Olsen:2017bmm,
      author         = "Olsen, Stephen Lars and Skwarnicki, Tomasz and Zieminska,
                        Daria",
      title          = "{Nonstandard heavy mesons and baryons: Experimental
                        evidence}",
      journal        = "Rev. Mod. Phys.",
      volume         = "90",
      year           = "2018",
      number         = "1",
      pages          = "015003",
      doi            = "10.1103/RevModPhys.90.015003",
      eprint         = "1708.04012",
      archivePrefix  = "arXiv",
      primaryClass   = "hep-ph",
      SLACcitation   = "%%CITATION = ARXIV:1708.04012;%%"
}

@article{Chen:2016spr,
      author         = "Chen, Hua-Xing and Chen, Wei and Liu, Xiang and Liu,
                        Yan-Rui and Zhu, Shi-Lin",
      title          = "{A review of the open charm and open bottom systems}",
      journal        = "Rept. Prog. Phys.",
      volume         = "80",
      year           = "2017",
      number         = "7",
      pages          = "076201",
      doi            = "10.1088/1361-6633/aa6420",
      eprint         = "1609.08928",
      archivePrefix  = "arXiv",
      primaryClass   = "hep-ph",
      SLACcitation   = "%%CITATION = ARXIV:1609.08928;%%"
}


@article{D0:2016mwd,
      author         = "Abazov, V. M. and others",
      title          = "{Evidence for a $B_s^0 \pi^\pm$ state}",
      collaboration  = "D0",
      journal        = "Phys. Rev. Lett.",
      volume         = "117",
      year           = "2016",
      number         = "2",
      pages          = "022003",
      doi            = "10.1103/PhysRevLett.117.022003",
      eprint         = "1602.07588",
      archivePrefix  = "arXiv",
      primaryClass   = "hep-ex",
      reportNumber   = "FERMILAB-PUB-16-038-E",
      SLACcitation   = "%%CITATION = ARXIV:1602.07588;%%"
}


@article{Aaij:2016iev,
      author         = "Aaij, Roel and others",
      title          = "{Search for Structure in the $B_s^0\pi^\pm$ Invariant
                        Mass Spectrum}",
      collaboration  = "LHCb",
      journal        = "Phys. Rev. Lett.",
      volume         = "117",
      year           = "2016",
      number         = "15",
      pages          = "152003",
      doi            = "10.1103/PhysRevLett.118.109904,
                        10.1103/PhysRevLett.117.152003",
      note           = "[Addendum: Phys. Rev. Lett.118,no.10,109904(2017)]",
      eprint         = "1608.00435",
      archivePrefix  = "arXiv",
      primaryClass   = "hep-ex",
      reportNumber   = "LHCB-PAPER-2016-029, CERN-EP-2016-189",
      SLACcitation   = "%%CITATION = ARXIV:1608.00435;%%"
}

@article{Sirunyan:2017ofq,
      author         = "Sirunyan, Albert M and others",
      title          = "{Search for the X(5568) state decaying into
                        $\mathrm{B}^{0}_{\mathrm{s}}\pi^{\pm}$ in proton-proton
                        collisions at $\sqrt{s} = $ 8 TeV}",
      collaboration  = "CMS",
      year           = "2017",
      eprint         = "1712.06144",
      archivePrefix  = "arXiv",
      primaryClass   = "hep-ex",
      reportNumber   = "CMS-BPH-16-002, CERN-EP-2017-287",
      SLACcitation   = "%%CITATION = ARXIV:1712.06144;%%"
}

@article{Aaboud:2018hgx,
      author         = "Aaboud, Morad and others",
      title          = "{Search for a Structure in the $B^0_s \pi^\pm$ Invariant
                        Mass Spectrum with the ATLAS Experiment}",
      collaboration  = "ATLAS",
      year           = "2018",
      eprint         = "1802.01840",
      archivePrefix  = "arXiv",
      primaryClass   = "hep-ex",
      reportNumber   = "CERN-EP-2017-333",
      SLACcitation   = "%%CITATION = ARXIV:1802.01840;%%"
}


@article{Francis:2016hui,
      author         = "Francis, Anthony and Hudspith, Renwick J. and Lewis,
                        Randy and Maltman, Kim",
      title          = "{Lattice Prediction for Deeply Bound Doubly Heavy
                        Tetraquarks}",
      journal        = "Phys. Rev. Lett.",
      volume         = "118",
      year           = "2017",
      number         = "14",
      pages          = "142001",
      doi            = "10.1103/PhysRevLett.118.142001",
      eprint         = "1607.05214",
      archivePrefix  = "arXiv",
      primaryClass   = "hep-lat",
      SLACcitation   = "%%CITATION = ARXIV:1607.05214;%%"
}


@article{Chatrchyan:2012ni,
      author         = "Chatrchyan, Serguei and others",
      title          = "{Observation of a new $\Xi_b$ baryon}",
      collaboration  = "CMS",
      journal        = "Phys. Rev. Lett.",
      volume         = "108",
      year           = "2012",
      pages          = "252002",
      doi            = "10.1103/PhysRevLett.108.252002",
      eprint         = "1204.5955",
      archivePrefix  = "arXiv",
      primaryClass   = "hep-ex",
      reportNumber   = "CMS-BPH-12-001, CERN-PH-EP-2012-118",
      SLACcitation   = "%%CITATION = ARXIV:1204.5955;%%"
}


@article{Aaij:2014yka,
      author         = "Aaij, Roel and others",
      title          = "{Observation of two new $\Xi_b^-$ baryon resonances}",
      collaboration  = "LHCb",
      journal        = "Phys. Rev. Lett.",
      volume         = "114",
      year           = "2015",
      pages          = "062004",
      doi            = "10.1103/PhysRevLett.114.062004",
      eprint         = "1411.4849",
      archivePrefix  = "arXiv",
      primaryClass   = "hep-ex",
      reportNumber   = "CERN-PH-EP-2014-279, LHCB-PAPER-2014-061",
      SLACcitation   = "%%CITATION = ARXIV:1411.4849;%%"
}


@article{Aaij:2016jnn,
      author         = "Aaij, Roel and others",
      title          = "{Measurement of the properties of the $\Xi_b^{*0}$
                        baryon}",
      collaboration  = "LHCb",
      journal        = "JHEP",
      volume         = "05",
      year           = "2016",
      pages          = "161",
      doi            = "10.1007/JHEP05(2016)161",
      eprint         = "1604.03896",
      archivePrefix  = "arXiv",
      primaryClass   = "hep-ex",
      reportNumber   = "LHCB-PAPER-2016-010, CERN-EP-2016-082",
      SLACcitation   = "%%CITATION = ARXIV:1604.03896;%%"
}



@article{Detmold:2012ge,
      author         = "Detmold, William and Lin, C. J. David and Meinel, Stefan",
      title          = "{Calculation of the heavy-hadron axial couplings $g_1$,
                        $g_2$ and $g_3$ using lattice QCD}",
      journal        = "Phys. Rev.",
      volume         = "D85",
      year           = "2012",
      pages          = "114508",
      doi            = "10.1103/PhysRevD.85.114508",
      eprint         = "1203.3378",
      archivePrefix  = "arXiv",
      primaryClass   = "hep-lat",
      reportNumber   = "JLAB-THY-11-1459",
      SLACcitation   = "%%CITATION = ARXIV:1203.3378;%%"
}


@article{Aaij:2015tga,
      author         = "Aaij, Roel and others",
      title          = "{Observation of $J/\psi p$ Resonances Consistent with
                        Pentaquark States in $\Lambda_b^0 \to J/\psi K^- p$
                        Decays}",
      collaboration  = "LHCb",
      journal        = "Phys. Rev. Lett.",
      volume         = "115",
      year           = "2015",
      pages          = "072001",
      doi            = "10.1103/PhysRevLett.115.072001",
      eprint         = "1507.03414",
      archivePrefix  = "arXiv",
      primaryClass   = "hep-ex",
      reportNumber   = "CERN-PH-EP-2015-153, LHCB-PAPER-2015-029",
      SLACcitation   = "%%CITATION = ARXIV:1507.03414;%%"
}

@article{Beane:2014sda,
      author         = "Beane, S. R. and Chang, E. and Cohen, S. D. and Detmold,
                        W. and Lin, H. -W. and Orginos, K. and Parreño, A. and
                        Savage, M. J.",
      title          = "{Quarkonium-Nucleus Bound States from Lattice QCD}",
      journal        = "Phys. Rev.",
      volume         = "D91",
      year           = "2015",
      number         = "11",
      pages          = "114503",
      doi            = "10.1103/PhysRevD.91.114503",
      eprint         = "1410.7069",
      archivePrefix  = "arXiv",
      primaryClass   = "hep-lat",
      reportNumber   = "INT-PUB-14-049, NT@UW-14-23, MIT-CTP-4600,
                        JLAB-THY-14-1992",
      SLACcitation   = "%%CITATION = ARXIV:1410.7069;%%"
}

 
@article{Aaij:2017ueg,
      author         = "Aaij, Roel and others",
      title          = "{Observation of the doubly charmed baryon
                        $\Xi_{cc}^{++}$}",
      collaboration  = "LHCb",
      journal        = "Phys. Rev. Lett.",
      volume         = "119",
      year           = "2017",
      number         = "11",
      pages          = "112001",
      doi            = "10.1103/PhysRevLett.119.112001",
      eprint         = "1707.01621",
      archivePrefix  = "arXiv",
      primaryClass   = "hep-ex",
      reportNumber   = "LHCB-PAPER-2017-018, CERN-EP-2017-156",
      SLACcitation   = "%%CITATION = ARXIV:1707.01621;%%"
}

@article{Mattson:2002vu,
      author         = "Mattson, M. and others",
      title          = "{First observation of the doubly charmed baryon Xi+(cc)}",
      collaboration  = "SELEX",
      journal        = "Phys. Rev. Lett.",
      volume         = "89",
      year           = "2002",
      pages          = "112001",
      doi            = "10.1103/PhysRevLett.89.112001",
      eprint         = "hep-ex/0208014",
      archivePrefix  = "arXiv",
      primaryClass   = "hep-ex",
      reportNumber   = "FERMILAB-PUB-02-183-E",
      SLACcitation   = "%%CITATION = HEP-EX/0208014;%%"
}


@article{Borsanyi:2014jba,
      author         = "Borsanyi, Sz. and others",
      title          = "{Ab initio calculation of the neutron-proton mass
                        difference}",
      journal        = "Science",
      volume         = "347",
      year           = "2015",
      pages          = "1452-1455",
      doi            = "10.1126/science.1257050",
      eprint         = "1406.4088",
      archivePrefix  = "arXiv",
      primaryClass   = "hep-lat",
      SLACcitation   = "%%CITATION = ARXIV:1406.4088;%%"
}


@article{Briceno:2017txz,
      author         = "Briceño, Raúl A.",
      title          = "{Viewpoint: A Doubly Charming Particle}",
      journal        = "APS Physics",
      volume         = "10",
      year           = "2017",
      pages          = "100",
      doi            = "10.1103/Physics.10.100",
      SLACcitation   = "%%CITATION = 00685,10,100;%%"
}



@article{Aaij:2012da,
      author         = "Aaij, R and others",
      title          = "{Observation of excited $\Lambda_b^0$ baryons}",
      collaboration  = "LHCb",
      journal        = "Phys. Rev. Lett.",
      volume         = "109",
      year           = "2012",
      pages          = "172003",
      doi            = "10.1103/PhysRevLett.109.172003",
      eprint         = "1205.3452",
      archivePrefix  = "arXiv",
      primaryClass   = "hep-ex",
      reportNumber   = "CERN-PH-EP-2012-128, LHCB-PAPER-2012-012,
                        LHCB-PAPER-2012-12",
      SLACcitation   = "%%CITATION = ARXIV:1205.3452;%%"
}



@article{Aaij:2017vbw,
      author         = "Aaij, Roel and others",
      title          = "{Study of the $D^0 p$ amplitude in $\Lambda_b^0\to D^0 p
                        \pi^-$ decays}",
      collaboration  = "LHCb",
      journal        = "JHEP",
      volume         = "05",
      year           = "2017",
      pages          = "030",
      doi            = "10.1007/JHEP05(2017)030",
      eprint         = "1701.07873",
      archivePrefix  = "arXiv",
      primaryClass   = "hep-ex",
      reportNumber   = "CERN-EP-2017-007, LHCB-PAPER-2016-061",
      SLACcitation   = "%%CITATION = ARXIV:1701.07873;%%"
}


@article{Aaij:2017nav,
      author         = "Aaij, Roel and others",
      title          = "{Observation of five new narrow $\Omega_c^0$ states
                        decaying to $\Xi_c^+ K^-$}",
      collaboration  = "LHCb",
      journal        = "Phys. Rev. Lett.",
      volume         = "118",
      year           = "2017",
      number         = "18",
      pages          = "182001",
      doi            = "10.1103/PhysRevLett.118.182001",
      eprint         = "1703.04639",
      archivePrefix  = "arXiv",
      primaryClass   = "hep-ex",
      reportNumber   = "LHCB-PAPER-2017-002, CERN-EP-2017-037",
      SLACcitation   = "%%CITATION = ARXIV:1703.04639;%%"
}







@article{Brown:2014ena,
      author         = "Brown, Zachary S. and Detmold, William and Meinel, Stefan
                        and Orginos, Kostas",
      title          = "{Charmed bottom baryon spectroscopy from lattice QCD}",
      journal        = "Phys. Rev.",
      volume         = "D90",
      year           = "2014",
      number         = "9",
      pages          = "094507",
      doi            = "10.1103/PhysRevD.90.094507",
      eprint         = "1409.0497",
      archivePrefix  = "arXiv",
      primaryClass   = "hep-lat",
      reportNumber   = "JLAB-THY-14-1950",
      SLACcitation   = "%%CITATION = ARXIV:1409.0497;%%"
}

@article{Padmanath:2015jea,
      author         = "Padmanath, M. and Edwards, Robert G. and Mathur, Nilmani
                        and Peardon, Michael",
      title          = "{Spectroscopy of doubly-charmed baryons from lattice
                        QCD}",
      journal        = "Phys. Rev.",
      volume         = "D91",
      year           = "2015",
      number         = "9",
      pages          = "094502",
      doi            = "10.1103/PhysRevD.91.094502",
      eprint         = "1502.01845",
      archivePrefix  = "arXiv",
      primaryClass   = "hep-lat",
      reportNumber   = "TIFR-TH-15-06, JLAB-THY-15-2028",
      SLACcitation   = "%%CITATION = ARXIV:1502.01845;%%"
}


@article{Bali:2015lka,
      author         = "Pérez-Rubio, Paula and Collins, Sara and Bali, Gunnar
                        S.",
      title          = "{Charmed baryon spectroscopy and light flavor symmetry
                        from lattice QCD}",
      journal        = "Phys. Rev.",
      volume         = "D92",
      year           = "2015",
      number         = "3",
      pages          = "034504",
      doi            = "10.1103/PhysRevD.92.034504",
      eprint         = "1503.08440",
      archivePrefix  = "arXiv",
      primaryClass   = "hep-lat",
      SLACcitation   = "%%CITATION = ARXIV:1503.08440;%%"
}


@article{Alexandrou:2017xwd,
      author         = "Alexandrou, Constantia and Kallidonis, Christos",
      title          = "{Low-lying baryon masses using $N_f=2$ twisted mass
                        clover-improved fermions directly at the physical pion
                        mass}",
      journal        = "Phys. Rev.",
      volume         = "D96",
      year           = "2017",
      number         = "3",
      pages          = "034511",
      doi            = "10.1103/PhysRevD.96.034511",
      eprint         = "1704.02647",
      archivePrefix  = "arXiv",
      primaryClass   = "hep-lat",
      SLACcitation   = "%%CITATION = ARXIV:1704.02647;%%"
}

@article{Meinel:2012qz,
      author         = "Meinel, Stefan",
      title          = "{Excited-state spectroscopy of triply-bottom baryons from
                        lattice QCD}",
      journal        = "Phys. Rev.",
      volume         = "D85",
      year           = "2012",
      pages          = "114510",
      doi            = "10.1103/PhysRevD.85.114510",
      eprint         = "1202.1312",
      archivePrefix  = "arXiv",
      primaryClass   = "hep-lat",
      SLACcitation   = "%%CITATION = ARXIV:1202.1312;%%"
}


@article{Padmanath:2013zfa,
      author         = "Padmanath, M. and Edwards, Robert G. and Mathur, Nilmani
                        and Peardon, Michael",
      title          = "{Spectroscopy of triply-charmed baryons from lattice
                        QCD}",
      journal        = "Phys. Rev.",
      volume         = "D90",
      year           = "2014",
      number         = "7",
      pages          = "074504",
      doi            = "10.1103/PhysRevD.90.074504",
      eprint         = "1307.7022",
      archivePrefix  = "arXiv",
      primaryClass   = "hep-lat",
      reportNumber   = "TIFR-TH-13-23, TCDMATH-13-10, JLAB-THY-13-1767",
      SLACcitation   = "%%CITATION = ARXIV:1307.7022;%%"
}

@article{Vijande:2015faa,
      author         = "Vijande, J. and Valcarce, A. and Garcilazo, H.",
      title          = "{Constituent-quark model description of triply heavy
                        baryon nonperturbative lattice QCD data}",
      journal        = "Phys. Rev.",
      volume         = "D91",
      year           = "2015",
      number         = "5",
      pages          = "054011",
      doi            = "10.1103/PhysRevD.91.054011",
      eprint         = "1507.03735",
      archivePrefix  = "arXiv",
      primaryClass   = "hep-ph",
      SLACcitation   = "%%CITATION = ARXIV:1507.03735;%%"
}


@article{Qin:2018dqp,
      author         = "Qin, Si-Xue and Roberts, Craig D. and Schmidt, Sebastian
                        M.",
      title          = "{Poincaré-covariant analysis of heavy-quark baryons}",
      year           = "2018",
      eprint         = "1801.09697",
      archivePrefix  = "arXiv",
      primaryClass   = "nucl-th",
      SLACcitation   = "%%CITATION = ARXIV:1801.09697;%%"
}

@article{Serafin:2018aih,
      author         = "Serafin, Kamil and Gómez-Rocha, María and More, Jai and
                        Głazek, Stanisław D.",
      title          = "{Approximate Hamiltonian for baryons in heavy-flavor
                        QCD}",
      year           = "2018",
      eprint         = "1805.03436",
      archivePrefix  = "arXiv",
      primaryClass   = "hep-ph",
      SLACcitation   = "%%CITATION = ARXIV:1805.03436;%%"
}




@article{Padmanath:2017lng,
      author         = "Padmanath, M. and Mathur, Nilmani",
      title          = "{Quantum Numbers of Recently Discovered $\Omega^{0}_{c}$
                        Baryons from Lattice QCD}",
      journal        = "Phys. Rev. Lett.",
      volume         = "119",
      year           = "2017",
      number         = "4",
      pages          = "042001",
      doi            = "10.1103/PhysRevLett.119.042001",
      eprint         = "1704.00259",
      archivePrefix  = "arXiv",
      primaryClass   = "hep-ph",
      reportNumber   = "TIFR-TH-17-12",
      SLACcitation   = "%%CITATION = ARXIV:1704.00259;%%"
}


@article{Korner:1994nh,
      author         = "Korner, J. G. and Kramer, M. and Pirjol, D.",
      title          = "{Heavy baryons}",
      journal        = "Prog. Part. Nucl. Phys.",
      volume         = "33",
      year           = "1994",
      pages          = "787-868",
      doi            = "10.1016/0146-6410(94)90053-1",
      eprint         = "hep-ph/9406359",
      archivePrefix  = "arXiv",
      primaryClass   = "hep-ph",
      reportNumber   = "DESY-94-095, MZ-THEP-94-08",
      SLACcitation   = "%%CITATION = HEP-PH/9406359;%%"
}

@article{Manohar:2000dt,
      author         = "Manohar, Aneesh V. and Wise, Mark B.",
      title          = "{Heavy quark physics}",
      journal        = "Camb. Monogr. Part. Phys. Nucl. Phys. Cosmol.",
      volume         = "10",
      year           = "2000",
      pages          = "1-191",
      SLACcitation   = "%%CITATION = CMPCE,10,1;%%"
}


@article{Savage:1990di,
      author         = "Savage, Martin J. and Wise, Mark B.",
      title          = "{Spectrum of baryons with two heavy quarks}",
      journal        = "Phys. Lett.",
      volume         = "B248",
      year           = "1990",
      pages          = "177-180",
      doi            = "10.1016/0370-2693(90)90035-5",
      reportNumber   = "CALT-68-1652",
      SLACcitation   = "%%CITATION = PHLTA,B248,177;%%"
}


@article{Brambilla:2005yk,
      author         = "Brambilla, Nora and Vairo, Antonio and Rosch, Thomas",
      title          = "{Effective field theory Lagrangians for baryons with two
                        and three heavy quarks}",
      journal        = "Phys. Rev.",
      volume         = "D72",
      year           = "2005",
      pages          = "034021",
      doi            = "10.1103/PhysRevD.72.034021",
      eprint         = "hep-ph/0506065",
      archivePrefix  = "arXiv",
      primaryClass   = "hep-ph",
      reportNumber   = "IFUM-808-FT",
      SLACcitation   = "%%CITATION = HEP-PH/0506065;%%"
}

