@article{Lin:2017snn,
      author         = "Lin, Huey-Wen and others",
      title          = "{Parton distributions and lattice QCD calculations: a
                        community white paper}",
      journal        = "Prog. Part. Nucl. Phys.",
      volume         = "100",
      year           = "2018",
      pages          = "107-160",
      doi            = "10.1016/j.ppnp.2018.01.007",
      eprint         = "1711.07916",
      archivePrefix  = "arXiv",
      primaryClass   = "hep-ph",
      reportNumber   = "DESY-17-185, IFJPAN-IV-2017-19, INT-PUB-17-042,
                        JLAB-THY-17-2604, MSUHEP-17-017, OUTP-17-15P,
                        SMU-HEP-17-08, NIKHEF-2017-047",
      SLACcitation   = "%%CITATION = ARXIV:1711.07916;%%"
}

@article{Dawson:1997ic,
      author         = "Dawson, C. and Martinelli, G. and Rossi, G. C. and
                        Sachrajda, Christopher T. and Sharpe, Stephen R. and
                        Talevi, M. and Testa, M.",
      title          = "{New lattice approaches to the delta I = 1/2 rule}",
      journal        = "Nucl. Phys.",
      volume         = "B514",
      year           = "1998",
      pages          = "313-335",
      doi            = "10.1016/S0550-3213(97)00756-6",
      eprint         = "hep-lat/9707009",
      archivePrefix  = "arXiv",
      primaryClass   = "hep-lat",
      reportNumber   = "EDINBURGH-97-6, ROME1-1174-97, ROM2F-97-25, SHEP-97-15,
                        UW-PT-97-17",
      SLACcitation   = "%%CITATION = HEP-LAT/9707009;%%"
}
@article{Ji:2001wha,
      author         = "Ji, Xiang-dong and Jung, Chul-woo",
      title          = "{Studying hadronic structure of the photon in lattice
                        QCD}",
      journal        = "Phys. Rev. Lett.",
      volume         = "86",
      year           = "2001",
      pages          = "208",
      doi            = "10.1103/PhysRevLett.86.208",
      eprint         = "hep-lat/0101014",
      archivePrefix  = "arXiv",
      primaryClass   = "hep-lat",
      reportNumber   = "UMD-PP-01-007, DOE-ER-40762-214",
      SLACcitation   = "%%CITATION = HEP-LAT/0101014;%%"
}

