@article{Sufian:2019bol,
      author         = "Sufian, Raza Sabbir and Karpie, Joseph and Egerer, Colin
                        and Orginos, Kostas and Qiu, Jian-Wei and Richards, David
                        G.",
      title          = "{Pion Valence Quark Distribution from Matrix Element
                        Calculated in Lattice QCD}",
      journal        = "Phys. Rev.",
      volume         = "D99",
      year           = "2019",
      number         = "7",
      pages          = "074507",
      doi            = "10.1103/PhysRevD.99.074507",
      eprint         = "1901.03921",
      archivePrefix  = "arXiv",
      primaryClass   = "hep-lat",
      reportNumber   = "JLAB-THY-19-2847",
      SLACcitation   = "%%CITATION = ARXIV:1901.03921;%%"
}
@article{Backus:1968hl,
author = {Backus, George and Gilbert, Freeman},
title = {{The Resolving Power of Gross Earth Data}},
journal = {Geophysical Journal International},
year = {1968},
volume = {16},
number = {2},
pages = {169--205},
month = oct
}
@article{Forte:2002fg,
      author         = "Forte, Stefano and Garrido, Lluis and Latorre, Jose I.
                        and Piccione, Andrea",
      title          = "{Neural network parametrization of deep inelastic
                        structure functions}",
      journal        = "JHEP",
      volume         = "05",
      year           = "2002",
      pages          = "062",
      doi            = "10.1088/1126-6708/2002/05/062",
      eprint         = "hep-ph/0204232",
      archivePrefix  = "arXiv",
      primaryClass   = "hep-ph",
      reportNumber   = "GEF-TH-3-02, RM3-TH-02-01",
      SLACcitation   = "%%CITATION = HEP-PH/0204232;%%"
}

@article{Ball:2017nwa,
      author         = "Ball, Richard D. and others",
      title          = "{Parton distributions from high-precision collider data}
",
      collaboration  = "NNPDF",
      journal        = "Eur. Phys. J.",
      volume         = "C77",
      year           = "2017",
      number         = "10",
      pages          = "663",
      doi            = "10.1140/epjc/s10052-017-5199-5",
      eprint         = "1706.00428",
      archivePrefix  = "arXiv",
      primaryClass   = "hep-ph",
      reportNumber   = "CAVENDISH-HEP-17-06, CERN-TH-2017-077, EDINBURGH-2017-08,
                        NIKHEF-2017-006, OUTP-17-04P, TIF-UNIMI-2017-3",
      SLACcitation   = "%%CITATION = ARXIV:1706.00428;%%"
}

@article{Burnier:2013nla,
      author         = "Burnier, Yannis and Rothkopf, Alexander",
      title          = "{Bayesian Approach to Spectral Function Reconstruction
                        for Euclidean Quantum Field Theories}",
      journal        = "Phys. Rev. Lett.",
      volume         = "111",
      year           = "2013",
      pages          = "182003",
      doi            = "10.1103/PhysRevLett.111.182003",
      eprint         = "1307.6106",
      archivePrefix  = "arXiv",
      primaryClass   = "hep-lat",
      SLACcitation   = "%%CITATION = ARXIV:1307.6106;%%"
}
@article{Orginos:2017kos,
      author         = "Orginos, Kostas and Radyushkin, Anatoly and Karpie,
                        Joseph and Zafeiropoulos, Savvas",
      title          = "{Lattice QCD exploration of parton pseudo-distribution
                        functions}",
      journal        = "Phys. Rev.",
      volume         = "D96",
      year           = "2017",
      number         = "9",
      pages          = "094503",
      doi            = "10.1103/PhysRevD.96.094503",
      eprint         = "1706.05373",
      archivePrefix  = "arXiv",
      primaryClass   = "hep-ph",
      reportNumber   = "JLAB-THY-17-2494",
      SLACcitation   = "%%CITATION = ARXIV:1706.05373;%%"
}
@article{Karpie:2019eiq,
      author         = "Karpie, Joseph and Orginos, Kostas and Rothkopf,
                        Alexander and Zafeiropoulos, Savvas",
      title          = "{Reconstructing parton distribution functions from Ioffe
                        time data: from Bayesian methods to Neural Networks}",
      journal        = "JHEP",
      volume         = "04",
      year           = "2019",
      pages          = "057",
      doi            = "10.1007/JHEP04(2019)057",
      eprint         = "1901.05408",
      archivePrefix  = "arXiv",
      primaryClass   = "hep-lat",
      reportNumber   = "JLAB-THY-19-2898",
      SLACcitation   = "%%CITATION = ARXIV:1901.05408;%%"
}
@article{Yamazaki:2009ua,
      author         = "Yamazaki, T. and Kuramashi, Y. and Ukawa, A.",
      title          = "{Helium Nuclei in Quenched Lattice QCD}",
      collaboration  = "PACS-CS",
      journal        = "Phys. Rev.",
      volume         = "D81",
      year           = "2010",
      pages          = "111504",
      doi            = "10.1103/PhysRevD.81.111504",
      eprint         = "0912.1383",
      archivePrefix  = "arXiv",
      primaryClass   = "hep-lat",
      reportNumber   = "UTCCS-P-57, UTHEP-601",
      SLACcitation   = "%%CITATION = ARXIV:0912.1383;%%"
}


@article{Beane:2006gf,
      author         = "Beane, Silas R. and Bedaque, Paulo F. and Luu, Thomas C.
                        and Orginos, Kostas and Pallante, Elisabetta and Parreno,
                        Assumpta and Savage, Martin J.",
      title          = "{Hyperon-Nucleon Scattering from Fully-Dynamical Lattice
                        QCD}",
      collaboration  = "NPLQCD",
      journal        = "Nucl. Phys.",
      volume         = "A794",
      year           = "2007",
      pages          = "62-72",
      doi            = "10.1016/j.nuclphysa.2007.07.006",
      eprint         = "hep-lat/0612026",
      archivePrefix  = "arXiv",
      primaryClass   = "hep-lat",
      reportNumber   = "UNH-06-07, UCRL-JRNL-226919, UMD-40762-364,
                        JLAB-THY-06-600, NT-UW-06-031, UG-06-10",
      SLACcitation   = "%%CITATION = HEP-LAT/0612026;%%"
}


@article{Beane:2006mx,
      author         = "Beane, S. R. and Bedaque, P. F. and Orginos, K. and
                        Savage, M. J.",
      title          = "{Nucleon-nucleon scattering from fully-dynamical lattice
                        QCD}",
      journal        = "Phys. Rev. Lett.",
      volume         = "97",
      year           = "2006",
      pages          = "012001",
      doi            = "10.1103/PhysRevLett.97.012001",
      eprint         = "hep-lat/0602010",
      archivePrefix  = "arXiv",
      primaryClass   = "hep-lat",
      reportNumber   = "JLAB-THY-06-462",
      SLACcitation   = "%%CITATION = HEP-LAT/0602010;%%"
}


@article{Beane:2009gs,
      author         = "Beane, Silas R. and Detmold, William and Luu, Thomas C
                        and Orginos, Kostas and Parreno, Assumpta and Savage,
                        Martin J. and Torok, Aaron and Walker-Loud, Andre",
      title          = "{High Statistics Analysis using Anisotropic Clover
                        Lattices. II. Three-Baryon Systems}",
      journal        = "Phys. Rev.",
      volume         = "D80",
      year           = "2009",
      pages          = "074501",
      doi            = "10.1103/PhysRevD.80.074501",
      eprint         = "0905.0466",
      archivePrefix  = "arXiv",
      primaryClass   = "hep-lat",
      reportNumber   = "UNH-09-02, JLAB-THY-09-984, NT-UW-09-09,
                        ATHENA-PUB-09-016",
      SLACcitation   = "%%CITATION = ARXIV:0905.0466;%%"
}


@article{Beane:2009kya,
      author         = "Beane, Silas R. and Detmold, William and Luu, Thomas C.
                        and Orginos, Kostas and Parreno, Assumpta and Savage,
                        Martin J. and Torok, Aaron and Walker-Loud, Andre",
      title          = "{High Statistics Analysis using Anisotropic Clover
                        Lattices: (I) Single Hadron Correlation Functions}",
      journal        = "Phys. Rev.",
      volume         = "D79",
      year           = "2009",
      pages          = "114502",
      doi            = "10.1103/PhysRevD.79.114502",
      eprint         = "0903.2990",
      archivePrefix  = "arXiv",
      primaryClass   = "hep-lat",
      reportNumber   = "UNH-09-01, JLAB-THY-09-960, NT@UW-09-08, ICCUB-09-18,
                        ATHENA-PUB-09-012",
      SLACcitation   = "%%CITATION = ARXIV:0903.2990;%%"
}


@article{Beane:2010hg,
      author         = "Beane, S. R. and others",
      title          = "{Evidence for a Bound H-dibaryon from Lattice QCD}",
      collaboration  = "NPLQCD",
      journal        = "Phys. Rev. Lett.",
      volume         = "106",
      year           = "2011",
      pages          = "162001",
      doi            = "10.1103/PhysRevLett.106.162001",
      eprint         = "1012.3812",
      archivePrefix  = "arXiv",
      primaryClass   = "hep-lat",
      reportNumber   = "JLAB-THY-10-1296",
      SLACcitation   = "%%CITATION = ARXIV:1012.3812;%%"
}


@article{Inoue:2010es,
      author         = "Inoue, Takashi and Ishii, Noriyoshi and Aoki, Sinya and
                        Doi, Takumi and Hatsuda, Tetsuo and Ikeda, Yoichi and
                        Murano, Keiko and Nemura, Hidekatsu and Sasaki, Kenji",
      title          = "{Bound H-dibaryon in Flavor SU(3) Limit of Lattice QCD}",
      collaboration  = "HAL QCD",
      journal        = "Phys. Rev. Lett.",
      volume         = "106",
      year           = "2011",
      pages          = "162002",
      doi            = "10.1103/PhysRevLett.106.162002",
      eprint         = "1012.5928",
      archivePrefix  = "arXiv",
      primaryClass   = "hep-lat",
      SLACcitation   = "%%CITATION = ARXIV:1012.5928;%%"
}


@Article{Beane:2011xf,
	author    = "Beane, S. R. and others",
	title     = "{Present Constraints on the H-dibaryon at the Physical
	Point from Lattice QCD}",
	journal   = "Mod. Phys. Lett.",
	volume    = "A26",
	year      = "2011",
	pages     = "2587-2595",
	eprint    = "1103.2821",
	archivePrefix = "arXiv",
	primaryClass  =  "hep-lat",
	doi       = "10.1142/S0217732311036978",
	SLACcitation  = "%%CITATION = 1103.2821;%%"
}

@article{Beane:2011iw,
      author         = "Beane, S. R. and Chang, E. and Detmold, W. and Lin, H. W.
                        and Luu, T. C. and Orginos, K. and Parreno, A. and Savage,
                        M. J. and Torok, A. and Walker-Loud, A.",
      title          = "{The Deuteron and Exotic Two-Body Bound States from
                        Lattice QCD}",
      collaboration  = "NPLQCD",
      journal        = "Phys. Rev.",
      volume         = "D85",
      year           = "2012",
      pages          = "054511",
      doi            = "10.1103/PhysRevD.85.054511",
      eprint         = "1109.2889",
      archivePrefix  = "arXiv",
      primaryClass   = "hep-lat",
      reportNumber   = "ICCUB-11-165, NT@UW-11-21, NT-LBNL-11-017,
                        UCB-NPAT-11-012, UCB-NPAT-11-012-, UNH-11-5,
                        JLAB-THY-11-1436",
      SLACcitation   = "%%CITATION = ARXIV:1109.2889;%%"
}


@article{Berkowitz:2015eaa,
      author         = "Berkowitz, Evan and Kurth, Thorsten and Nicholson, Amy
                        and Joo, Balint and Rinaldi, Enrico and Strother, Mark and
                        Vranas, Pavlos M. and Walker-Loud, Andre",
      title          = "{Two-Nucleon Higher Partial-Wave Scattering from Lattice
                        QCD}",
      journal        = "Phys. Lett.",
      volume         = "B765",
      year           = "2017",
      pages          = "285-292",
      doi            = "10.1016/j.physletb.2016.12.024",
      eprint         = "1508.00886",
      archivePrefix  = "arXiv",
      primaryClass   = "hep-lat",
      reportNumber   = "LLNL-JRNL-674381, NT@WM-15-13, JLAB-THY-15-2116",
      SLACcitation   = "%%CITATION = ARXIV:1508.00886;%%"
}


@article{Francis:2018qch,
      author         = "Francis, A. and Green, J. R. and Junnarkar, P. M. and
                        Miao, Ch. and Rae, T. D. and Wittig, H.",
      title          = "{Lattice QCD study of the $H$ dibaryon using hexaquark
                        and two-baryon interpolators}",
      year           = "2018",
      eprint         = "1805.03966",
      archivePrefix  = "arXiv",
      primaryClass   = "hep-lat",
      reportNumber   = "CERN-TH-2018-098, DESY 18-066, HIM-2018-02, MITP/18-030,
                        TIFR/TH/18-12, DESY-18-066, MITP-18-030, TIFR-TH-18-12",
      SLACcitation   = "%%CITATION = ARXIV:1805.03966;%%"
}


@article{Wagman:2017tmp,
      author         = "Wagman, Michael L. and Winter, Frank and Chang, Emmanuel
                        and Davoudi, Zohreh and Detmold, William and Orginos,
                        Kostas and Savage, Martin J. and Shanahan, Phiala E.",
      title          = "{Baryon-Baryon Interactions and Spin-Flavor Symmetry from
                        Lattice Quantum Chromodynamics}",
      journal        = "Phys. Rev.",
      volume         = "D96",
      year           = "2017",
      number         = "11",
      pages          = "114510",
      doi            = "10.1103/PhysRevD.96.114510",
      eprint         = "1706.06550",
      archivePrefix  = "arXiv",
      primaryClass   = "hep-lat",
      reportNumber   = "INT-PUB-17-017, MIT-CTP-4912, NSF-ITP-17-076",
      SLACcitation   = "%%CITATION = ARXIV:1706.06550;%%"
}


@article{Ishii:2006ec,
      author         = "Ishii, N. and Aoki, S. and Hatsuda, T.",
      title          = "{The Nuclear Force from Lattice QCD}",
      journal        = "Phys. Rev. Lett.",
      volume         = "99",
      year           = "2007",
      pages          = "022001",
      doi            = "10.1103/PhysRevLett.99.022001",
      eprint         = "nucl-th/0611096",
      archivePrefix  = "arXiv",
      primaryClass   = "nucl-th",
      reportNumber   = "UTCCS-P-30, TKYNT-06-19, UTHEP-534",
      SLACcitation   = "%%CITATION = NUCL-TH/0611096;%%"
}


@article{Luscher:1986pf,
      author         = "Luscher, M.",
      title          = "{Volume Dependence of the Energy Spectrum in Massive
                        Quantum Field Theories. 2. Scattering States}",
      journal        = "Commun. Math. Phys.",
      volume         = "105",
      year           = "1986",
      pages          = "153-188",
      doi            = "10.1007/BF01211097",
      reportNumber   = "DESY-86-034",
      SLACcitation   = "%%CITATION = CMPHA,105,153;%%"
}


@article{Lin:2001ek,
      author         = "Lin, C. J. David and Martinelli, G. and Sachrajda,
                        Christopher T. and Testa, M.",
      title          = "{K --> pi pi decays in a finite volume}",
      journal        = "Nucl. Phys.",
      volume         = "B619",
      year           = "2001",
      pages          = "467-498",
      doi            = "10.1016/S0550-3213(01)00495-3",
      eprint         = "hep-lat/0104006",
      archivePrefix  = "arXiv",
      primaryClass   = "hep-lat",
      reportNumber   = "ROMA-1395-00",
      SLACcitation   = "%%CITATION = HEP-LAT/0104006;%%"
}


@article{Detmold:2007wk,
      author         = "Detmold, William and Orginos, Kostas and Savage, Martin
                        J.",
      title          = "{BB Potentials in Quenched Lattice QCD}",
      journal        = "Phys. Rev.",
      volume         = "D76",
      year           = "2007",
      pages          = "114503",
      doi            = "10.1103/PhysRevD.76.114503",
      eprint         = "hep-lat/0703009",
      archivePrefix  = "arXiv",
      primaryClass   = "HEP-LAT",
      reportNumber   = "NT@UW-07-05, JLAB-THY-07-625",
      SLACcitation   = "%%CITATION = HEP-LAT/0703009;%%"
}


@article{Birse:2012ph,
      author         = "Birse, Michael C.",
      title          = "{Potential problems with interpolating fields}",
      journal        = "Eur. Phys. J.",
      volume         = "A53",
      year           = "2017",
      number         = "11",
      pages          = "223",
      doi            = "10.1140/epja/i2017-12425-0",
      eprint         = "1208.4807",
      archivePrefix  = "arXiv",
      primaryClass   = "nucl-th",
      SLACcitation   = "%%CITATION = ARXIV:1208.4807;%%"
}



%%% contains utf-8, see: https://inspirehep.net/info/faq/general#utf8
%%% add \usepackage[utf8]{inputenc} to your latex preamble

@article{Yamazaki:2018qut,
      author         = "Yamazaki, Takeshi and Kuramashi, Yoshinobu",
      title          = "{Reply to “Comment on ‘Relation between scattering
                        amplitude and Bethe-Salpeter wave function in quantum
                        field theory”’}",
      journal        = "Phys. Rev.",
      volume         = "D98",
      year           = "2018",
      number         = "3",
      pages          = "038502",
      doi            = "10.1103/PhysRevD.98.038502",
      eprint         = "1808.06299",
      archivePrefix  = "arXiv",
      primaryClass   = "hep-lat",
      reportNumber   = "UTHEP-720, UTCCS-P-112",
      SLACcitation   = "%%CITATION = ARXIV:1808.06299;%%"
}


@article{Yamazaki:2017gjl,
      author         = "Yamazaki, Takeshi and Kuramashi, Yoshinobu",
      title          = "{Relation between scattering amplitude and Bethe-Salpeter
                        wave function in quantum field theory}",
      journal        = "Phys. Rev.",
      volume         = "D96",
      year           = "2017",
      number         = "11",
      pages          = "114511",
      doi            = "10.1103/PhysRevD.96.114511",
      eprint         = "1709.09779",
      archivePrefix  = "arXiv",
      primaryClass   = "hep-lat",
      reportNumber   = "UTHEP-704, UTCCS-P-104",
      SLACcitation   = "%%CITATION = ARXIV:1709.09779;%%"
}


@article{Namekawa:2017sxs,
      author         = "Namekawa, Yusuke and Yamazaki, Takeshi",
      title          = "{Scattering amplitude from Bethe-Salpeter wave function
                        inside the interaction range}",
      journal        = "Phys. Rev.",
      volume         = "D98",
      year           = "2018",
      number         = "1",
      pages          = "011501",
      doi            = "10.1103/PhysRevD.98.011501",
      eprint         = "1712.10141",
      archivePrefix  = "arXiv",
      primaryClass   = "hep-lat",
      reportNumber   = "UTHEP-712",
      SLACcitation   = "%%CITATION = ARXIV:1712.10141;%%"
}


@article{Kawai:2017goq,
      author         = "Kawai, Daisuke and Aoki, Sinya and Doi, Takumi and Ikeda,
                        Yoichi and Inoue, Takashi and Iritani, Takumi and Ishii,
                        Noriyoshi and Miyamoto, Takaya and Nemura, Hidekatsu and
                        Sasaki, Kenji",
      title          = "{$I=2$ $\pi\pi$ scattering phase shift from the HAL QCD
                        method with the LapH smearing}",
      collaboration  = "HAL QCD",
      journal        = "PTEP",
      volume         = "2018",
      year           = "2018",
      number         = "4",
      pages          = "043B04",
      doi            = "10.1093/ptep/pty032",
      eprint         = "1711.01883",
      archivePrefix  = "arXiv",
      primaryClass   = "hep-lat",
      reportNumber   = "KUNS-2706, YITP-17-115, RIKEN-QHP-337,
                        RIKEN-ITHEMS-REPORT-17",
      SLACcitation   = "%%CITATION = ARXIV:1711.01883;%%"
}


@article{Beane:2007es,
      author         = "Beane, Silas R. and Detmold, William and Luu, Thomas C.
                        and Orginos, Kostas and Savage, Martin J. and Torok,
                        Aaron",
      title          = "{Multi-Pion Systems in Lattice QCD and the Three-Pion
                        Interaction}",
      journal        = "Phys. Rev. Lett.",
      volume         = "100",
      year           = "2008",
      pages          = "082004",
      doi            = "10.1103/PhysRevLett.100.082004",
      eprint         = "0710.1827",
      archivePrefix  = "arXiv",
      primaryClass   = "hep-lat",
      reportNumber   = "NT-UW-07-15, UNH-07-04, UCRL-JRNL-2325354,
                        JLAB-THY-07-735",
      SLACcitation   = "%%CITATION = ARXIV:0710.1827;%%"
}


@article{Detmold:2008yn,
      author         = "Detmold, William and Orginos, Kostas and Savage, Martin
                        J. and Walker-Loud, Andre",
      title          = "{Kaon Condensation with Lattice QCD}",
      journal        = "Phys. Rev.",
      volume         = "D78",
      year           = "2008",
      pages          = "054514",
      doi            = "10.1103/PhysRevD.78.054514",
      eprint         = "0807.1856",
      archivePrefix  = "arXiv",
      primaryClass   = "hep-lat",
      reportNumber   = "JLAB-THY-08-849, NT@UW-08-13, UMD-40762-414",
      SLACcitation   = "%%CITATION = ARXIV:0807.1856;%%"
}


@article{Detmold:2011kw,
      author         = "Detmold, William and Smigielski, Brian",
      title          = "{Lattice QCD study of mixed systems of pions and kaons}",
      journal        = "Phys. Rev.",
      volume         = "D84",
      year           = "2011",
      pages          = "014508",
      doi            = "10.1103/PhysRevD.84.014508",
      eprint         = "1103.4362",
      archivePrefix  = "arXiv",
      primaryClass   = "hep-lat",
      reportNumber   = "JLAB-THY-11-1332",
      SLACcitation   = "%%CITATION = ARXIV:1103.4362;%%"
}


@article{Beane:2012vq,
      author         = "Beane, S. R. and Chang, E. and Cohen, S. D. and Detmold,
                        William and Lin, H. W. and Luu, T. C. and Orginos, K. and
                        Parreno, A. and Savage, M. J. and Walker-Loud, A.",
      title          = "{Light Nuclei and Hypernuclei from Quantum Chromodynamics
                        in the Limit of SU(3) Flavor Symmetry}",
      collaboration  = "NPLQCD",
      journal        = "Phys. Rev.",
      volume         = "D87",
      year           = "2013",
      number         = "3",
      pages          = "034506",
      doi            = "10.1103/PhysRevD.87.034506",
      eprint         = "1206.5219",
      archivePrefix  = "arXiv",
      primaryClass   = "hep-lat",
      reportNumber   = "ICCUB-12-309, JLAB-THY-12-1581, NT-UW-12-09,
                        NT-LBNL-12-012, UCB-NPAT-12-011, UNH-12-04",
      SLACcitation   = "%%CITATION = ARXIV:1206.5219;%%"
}


@article{Yamazaki:2012hi,
      author         = "Yamazaki, Takeshi and Ishikawa, Ken-ichi and Kuramashi,
                        Yoshinobu and Ukawa, Akira",
      title          = "{Helium nuclei, deuteron and dineutron in 2+1 flavor
                        lattice QCD}",
      journal        = "Phys. Rev.",
      volume         = "D86",
      year           = "2012",
      pages          = "074514",
      doi            = "10.1103/PhysRevD.86.074514",
      eprint         = "1207.4277",
      archivePrefix  = "arXiv",
      primaryClass   = "hep-lat",
      reportNumber   = "UTCCS-P-67, UTHEP-642",
      SLACcitation   = "%%CITATION = ARXIV:1207.4277;%%"
}


@article{Yamazaki:2015asa,
      author         = "Yamazaki, Takeshi and Ishikawa, Ken-ichi and Kuramashi,
                        Yoshinobu and Ukawa, Akira",
      title          = "{Study of quark mass dependence of binding energy for
                        light nuclei in 2+1 flavor lattice QCD}",
      journal        = "Phys. Rev.",
      volume         = "D92",
      year           = "2015",
      number         = "1",
      pages          = "014501",
      doi            = "10.1103/PhysRevD.92.014501",
      eprint         = "1502.04182",
      archivePrefix  = "arXiv",
      primaryClass   = "hep-lat",
      reportNumber   = "UTCCS-P-79, UTHEP-668",
      SLACcitation   = "%%CITATION = ARXIV:1502.04182;%%"
}


@article{Iritani:2018zbt,
      author         = "Iritani, Takumi and Aoki, Sinya and Doi, Takumi and
                        Gongyo, Shinya and Hatsuda, Tetsuo and Ikeda, Yoichi and
                        Inoue, Takashi and Ishii, Noriyoshi and Nemura, Hidekatsu
                        and Sasaki, Kenji",
      title          = "{Systematics of the HAL QCD Potential at Low Energies in
                        Lattice QCD}",
      collaboration  = "HAL QCD",
      journal        = "Phys. Rev.",
      volume         = "D99",
      year           = "2019",
      number         = "1",
      pages          = "014514",
      doi            = "10.1103/PhysRevD.99.014514",
      eprint         = "1805.02365",
      archivePrefix  = "arXiv",
      primaryClass   = "hep-lat",
      reportNumber   = "YITP-18-42, RIKEN-QHP-370, RIKEN-iTHEMS-Report-18,
                        RIKEN-ITHEMS-REPORT-18",
      SLACcitation   = "%%CITATION = ARXIV:1805.02365;%%"
}


@article{Beane:2017edf,
      author         = "Beane, Silas R. and others",
      title          = "{Comment on "Are two nucleons bound in lattice QCD for
                        heavy quark masses? - Sanity check with L\"uscher's finite
                        volume formula -"}",
      year           = "2017",
      eprint         = "1705.09239",
      archivePrefix  = "arXiv",
      primaryClass   = "hep-lat",
      reportNumber   = "INT-PUB-17-016, NT@UW-17-10, MIT-CTP-4909,
                        JLAB-THY-17-2501",
      SLACcitation   = "%%CITATION = ARXIV:1705.09239;%%"
}


@article{Yamazaki:2017jfh,
      author         = "Yamazaki, Takeshi and Ishikawa, Ken-ichi and Kuramashi,
                        Yoshinobu",
      title          = "{Comparison of different source calculations in
                        two-nucleon channel at large quark mass}",
      booktitle      = "{Proceedings, 35th International Symposium on Lattice
                        Field Theory (Lattice 2017): Granada, Spain, June 18-24,
                        2017}",
      collaboration  = "PACS",
      journal        = "EPJ Web Conf.",
      volume         = "175",
      year           = "2018",
      pages          = "05019",
      doi            = "10.1051/epjconf/201817505019",
      eprint         = "1710.08066",
      archivePrefix  = "arXiv",
      primaryClass   = "hep-lat",
      SLACcitation   = "%%CITATION = ARXIV:1710.08066;%%"
}


@inproceedings{Lepage:1989hd,
      author         = "Lepage, G. Peter",
      title          = "{The Analysis of Algorithms for Lattice Field Theory}",
      booktitle      = "{Boulder ASI 1989:97-120}",
      year           = "1989",
      pages          = "97-120",
      reportNumber   = "CLNS-89-971",
      SLACcitation   = "%%CITATION = CLNS-89-971;%%"
}


@article{Parisi:1983ae,
      author         = "Parisi, G.",
      title          = "{The Strategy for Computing the Hadronic Mass Spectrum}",
      booktitle      = "{COMMON TRENDS IN PARTICLE AND CONDENSED MATTER PHYSICS.
                        PROCEEDINGS, WINTER ADVANCED STUDY INSTITUTE, LES HOUCHES,
                        FRANCE, FEBRUARY 23 - MARCH 11, 1983}",
      journal        = "Phys. Rept.",
      volume         = "103",
      year           = "1984",
      pages          = "203-211",
      doi            = "10.1016/0370-1573(84)90081-4",
      reportNumber   = "LNF-83-36-P",
      SLACcitation   = "%%CITATION = PRPLC,103,203;%%"
}


@article{Hamber:1983vu,
      author         = "Hamber, H. W. and Marinari, E. and Parisi, G. and Rebbi,
                        C.",
      title          = "{Considerations on Numerical Analysis of {QCD}}",
      journal        = "Nucl. Phys.",
      volume         = "B225",
      year           = "1983",
      pages          = "475",
      doi            = "10.1016/0550-3213(83)90528-X",
      reportNumber   = "SACLAY-SPH-T-83-054",
      SLACcitation   = "%%CITATION = NUPHA,B225,475;%%"
}


@article{Beane:2014oea,
      author         = "Beane, Silas R. and Detmold, William and Orginos, Kostas
                        and Savage, Martin J.",
      title          = "{Uncertainty Quantification in Lattice QCD Calculations
                        for Nuclear Physics}",
      journal        = "J. Phys.",
      volume         = "G42",
      year           = "2015",
      number         = "3",
      pages          = "034022",
      doi            = "10.1088/0954-3899/42/3/034022",
      eprint         = "1410.2937",
      archivePrefix  = "arXiv",
      primaryClass   = "nucl-th",
      reportNumber   = "INT-PUB-14-048, JLAB-THY-14-1964",
      SLACcitation   = "%%CITATION = ARXIV:1410.2937;%%"
}


@phdthesis{Wagman:2017gqi,
      author         = "Wagman, Michael L.",
      title          = "{Statistical Angles on the Lattice QCD Signal-to-Noise
                        Problem}",
      school         = "Washington U., Seattle",
      year           = "2017",
      eprint         = "1711.00062",
      archivePrefix  = "arXiv",
      primaryClass   = "hep-lat",
      SLACcitation   = "%%CITATION = ARXIV:1711.00062;%%"
}


@article{Wagman:2017xfh,
      author         = "Wagman, Michael L. and Savage, Martin J.",
      title          = "{Taming the Signal-to-Noise Problem in Lattice QCD by
                        Phase Reweighting}",
      year           = "2017",
      eprint         = "1704.07356",
      archivePrefix  = "arXiv",
      primaryClass   = "hep-lat",
      SLACcitation   = "%%CITATION = ARXIV:1704.07356;%%"
}


@article{Wagman:2016bam,
      author         = "Wagman, Michael L. and Savage, Martin J.",
      title          = "{Statistics of baryon correlation functions in lattice
                        QCD}",
      journal        = "Phys. Rev.",
      volume         = "D96",
      year           = "2017",
      number         = "11",
      pages          = "114508",
      doi            = "10.1103/PhysRevD.96.114508",
      eprint         = "1611.07643",
      archivePrefix  = "arXiv",
      primaryClass   = "hep-lat",
      SLACcitation   = "%%CITATION = ARXIV:1611.07643;%%"
}


@article{Detmold:2018eqd,
      author         = "Detmold, William and Kanwar, Gurtej and Wagman, Michael
                        L.",
      title          = "{Phase Unwrapping and One-Dimensional Sign Problems}",
      journal        = "Phys. Rev.",
      volume         = "D98",
      year           = "2018",
      number         = "7",
      pages          = "074511",
      doi            = "10.1103/PhysRevD.98.074511",
      eprint         = "1806.01832",
      archivePrefix  = "arXiv",
      primaryClass   = "hep-lat",
      reportNumber   = "MIT-CTP/5023, MIT-CTP-5023",
      SLACcitation   = "%%CITATION = ARXIV:1806.01832;%%"
}


@article{Detmold:2014hla,
      author         = "Detmold, William and Endres, Michael G.",
      title          = "{Signal/noise enhancement strategies for stochastically
                        estimated correlation functions}",
      journal        = "Phys. Rev.",
      volume         = "D90",
      year           = "2014",
      number         = "3",
      pages          = "034503",
      doi            = "10.1103/PhysRevD.90.034503",
      eprint         = "1404.6816",
      archivePrefix  = "arXiv",
      primaryClass   = "hep-lat",
      reportNumber   = "MIT-CTP-4545",
      SLACcitation   = "%%CITATION = ARXIV:1404.6816;%%"
}


@article{Doi:2012xd,
      author         = "Doi, Takumi and Endres, Michael G.",
      title          = "{Unified contraction algorithm for multi-baryon
                        correlators on the lattice}",
      journal        = "Comput. Phys. Commun.",
      volume         = "184",
      year           = "2013",
      pages          = "117",
      doi            = "10.1016/j.cpc.2012.09.004",
      eprint         = "1205.0585",
      archivePrefix  = "arXiv",
      primaryClass   = "hep-lat",
      reportNumber   = "RIKEN-QHP-18",
      SLACcitation   = "%%CITATION = ARXIV:1205.0585;%%"
}



%%% contains utf-8, see: https://inspirehep.net/info/faq/general#utf8
%%% add \usepackage[utf8]{inputenc} to your latex preamble

@article{Gunther:2013xj,
      author         = "Günther, Jana and Toth, Balint C. and Varnhorst, Lukas",
      title          = "{Recursive approach to determine correlation functions in
                        multibaryon systems}",
      journal        = "Phys. Rev.",
      volume         = "D87",
      year           = "2013",
      number         = "9",
      pages          = "094513",
      doi            = "10.1103/PhysRevD.87.094513",
      eprint         = "1301.4895",
      archivePrefix  = "arXiv",
      primaryClass   = "hep-lat",
      reportNumber   = "WUB-13-01",
      SLACcitation   = "%%CITATION = ARXIV:1301.4895;%%"
}


@article{Detmold:2010au,
      author         = "Detmold, William and Savage, Martin J.",
      title          = "{A method to study complex systems of mesons in Lattice
                        QCD}",
      journal        = "Phys. Rev.",
      volume         = "D82",
      year           = "2010",
      pages          = "014511",
      doi            = "10.1103/PhysRevD.82.014511",
      eprint         = "1001.2768",
      archivePrefix  = "arXiv",
      primaryClass   = "hep-lat",
      reportNumber   = "JLAB-THY-10-1121",
      SLACcitation   = "%%CITATION = ARXIV:1001.2768;%%"
}


@article{Detmold:2012eu,
      author         = "Detmold, William and Orginos, Kostas",
      title          = "{Nuclear correlation functions in lattice QCD}",
      journal        = "Phys. Rev.",
      volume         = "D87",
      year           = "2013",
      number         = "11",
      pages          = "114512",
      doi            = "10.1103/PhysRevD.87.114512",
      eprint         = "1207.1452",
      archivePrefix  = "arXiv",
      primaryClass   = "hep-lat",
      reportNumber   = "JLAB-THY-12-1591",
      SLACcitation   = "%%CITATION = ARXIV:1207.1452;%%"
}



@article{Orginos:2015aya,
      author         = "Orginos, Kostas and Parreno, Assumpta and Savage, Martin
                        J. and Beane, Silas R. and Chang, Emmanuel and Detmold,
                        William",
      title          = "{Two nucleon systems at $m_\pi\sim 450~{\rm MeV}$ from
                        lattice QCD}",
      journal        = "Phys. Rev.",
      volume         = "D92",
      year           = "2015",
      number         = "11",
      pages          = "114512",
      doi            = "10.1103/PhysRevD.92.114512",
      eprint         = "1508.07583",
      archivePrefix  = "arXiv",
      primaryClass   = "hep-lat",
      reportNumber   = "INT-PUB-15-042, NSF-KITP-15-120, NT@UW-15-09,
                        MIT-CTP-4709, JLAB-THY-15-2130",
      SLACcitation   = "%%CITATION = ARXIV:1508.07583;%%"
}



%%% contains utf-8, see: https://inspirehep.net/info/faq/general#utf8
%%% add \usepackage[utf8]{inputenc} to your latex preamble

@article{Epelbaum:2012iu,
      author         = "Epelbaum, Evgeny and Krebs, Hermann and Lähde, Timo A.
                        and Lee, Dean and Meißner, Ulf-G.",
      title          = "{Viability of Carbon-Based Life as a Function of the
                        Light Quark Mass}",
      journal        = "Phys. Rev. Lett.",
      volume         = "110",
      year           = "2013",
      number         = "11",
      pages          = "112502",
      doi            = "10.1103/PhysRevLett.110.112502",
      eprint         = "1212.4181",
      archivePrefix  = "arXiv",
      primaryClass   = "nucl-th",
      SLACcitation   = "%%CITATION = ARXIV:1212.4181;%%"
}


@article{Berengut:2013nh,
      author         = "Berengut, J. C. and Epelbaum, E. and Flambaum, V. V. and
                        Hanhart, C. and Meissner, U. -G. and Nebreda, J. and
                        Pelaez, J. R.",
      title          = "{Varying the light quark mass: impact on the nuclear
                        force and Big Bang nucleosynthesis}",
      journal        = "Phys. Rev.",
      volume         = "D87",
      year           = "2013",
      number         = "8",
      pages          = "085018",
      doi            = "10.1103/PhysRevD.87.085018",
      eprint         = "1301.1738",
      archivePrefix  = "arXiv",
      primaryClass   = "nucl-th",
      SLACcitation   = "%%CITATION = ARXIV:1301.1738;%%"
}



%%% contains utf-8, see: https://inspirehep.net/info/faq/general#utf8
%%% add \usepackage[utf8]{inputenc} to your latex preamble

@article{CarrilloSerrano:2012ja,
      author         = "Carrillo-Serrano, M. E. and Cloët, I. C. and Tsushima,
                        K. and Thomas, A. W. and Afnan, I. R.",
      title          = "{Variations of nuclear binding with quark masses}",
      journal        = "Phys. Rev.",
      volume         = "C87",
      year           = "2013",
      number         = "1",
      pages          = "015801",
      doi            = "10.1103/PhysRevC.87.015801",
      eprint         = "1208.3009",
      archivePrefix  = "arXiv",
      primaryClass   = "nucl-th",
      reportNumber   = "ADP-12-32-T799",
      SLACcitation   = "%%CITATION = ARXIV:1208.3009;%%"
}


@article{Detmold:2014qqa,
      author         = "Detmold, William and McCullough, Matthew and Pochinsky,
                        Andrew",
      title          = "{Dark Nuclei I: Cosmology and Indirect Detection}",
      journal        = "Phys. Rev.",
      volume         = "D90",
      year           = "2014",
      number         = "11",
      pages          = "115013",
      doi            = "10.1103/PhysRevD.90.115013",
      eprint         = "1406.2276",
      archivePrefix  = "arXiv",
      primaryClass   = "hep-ph",
      reportNumber   = "MIT-CTP-4554",
      SLACcitation   = "%%CITATION = ARXIV:1406.2276;%%"
}


@article{Detmold:2014kba,
      author         = "Detmold, William and McCullough, Matthew and Pochinsky,
                        Andrew",
      title          = "{Dark nuclei. II. Nuclear spectroscopy in two-color QCD}",
      journal        = "Phys. Rev.",
      volume         = "D90",
      year           = "2014",
      number         = "11",
      pages          = "114506",
      doi            = "10.1103/PhysRevD.90.114506",
      eprint         = "1406.4116",
      archivePrefix  = "arXiv",
      primaryClass   = "hep-lat",
      reportNumber   = "MIT-CTP-4555",
      SLACcitation   = "%%CITATION = ARXIV:1406.4116;%%"
}


@article{Ayyar:2017qdf,
      author         = "Ayyar, Venkitesh and DeGrand, Thomas and Golterman,
                        Maarten and Hackett, Daniel C. and Jay, William I. and
                        Neil, Ethan T. and Shamir, Yigal and Svetitsky, Benjamin",
      title          = "{Spectroscopy of SU(4) composite Higgs theory with two
                        distinct fermion representations}",
      journal        = "Phys. Rev.",
      volume         = "D97",
      year           = "2018",
      number         = "7",
      pages          = "074505",
      doi            = "10.1103/PhysRevD.97.074505",
      eprint         = "1710.00806",
      archivePrefix  = "arXiv",
      primaryClass   = "hep-lat",
      SLACcitation   = "%%CITATION = ARXIV:1710.00806;%%"
}


@article{Aubert:1983xm,
      author         = "Aubert, J. J. and others",
      title          = "{The ratio of the nucleon structure functions $F2_n$ for
                        iron and deuterium}",
      collaboration  = "European Muon",
      journal        = "Phys. Lett.",
      volume         = "123B",
      year           = "1983",
      pages          = "275-278",
      doi            = "10.1016/0370-2693(83)90437-9",
      reportNumber   = "CERN-EP/83-14",
      SLACcitation   = "%%CITATION = PHLTA,123B,275;%%"
}


@article{Beane:2014ora,
      author         = "Beane, S. R. and Chang, E. and Cohen, S. and Detmold, W.
                        and Lin, H. W. and Orginos, K. and Parreno, A. and Savage,
                        M. J. and Tiburzi, B. C.",
      title          = "{Magnetic moments of light nuclei from lattice quantum
                        chromodynamics}",
      journal        = "Phys. Rev. Lett.",
      volume         = "113",
      year           = "2014",
      number         = "25",
      pages          = "252001",
      doi            = "10.1103/PhysRevLett.113.252001",
      eprint         = "1409.3556",
      archivePrefix  = "arXiv",
      primaryClass   = "hep-lat",
      reportNumber   = "NT@UW-14-19, INT-14-038, MIT-CTP-4586, RBRC-1090,
                        JLAB-THY-14-1951",
      SLACcitation   = "%%CITATION = ARXIV:1409.3556;%%"
}


@article{Chang:2015qxa,
      author         = "Chang, Emmanuel and Detmold, William and Orginos, Kostas
                        and Parreno, Assumpta and Savage, Martin J. and Tiburzi,
                        Brian C. and Beane, Silas R.",
      title          = "{Magnetic structure of light nuclei from lattice QCD}",
      collaboration  = "NPLQCD",
      journal        = "Phys. Rev.",
      volume         = "D92",
      year           = "2015",
      number         = "11",
      pages          = "114502",
      doi            = "10.1103/PhysRevD.92.114502",
      eprint         = "1506.05518",
      archivePrefix  = "arXiv",
      primaryClass   = "hep-lat",
      reportNumber   = "INT-PUB-15-011, NT@UW-15-03, ICC@UB-15-016, MIT-CTP-4667,
                        JLAB-THY-15-2109",
      SLACcitation   = "%%CITATION = ARXIV:1506.05518;%%"
}


@article{Chang:2017eiq,
      author         = "Chang, Emmanuel and Davoudi, Zohreh and Detmold, William
                        and Gambhir, Arjun S. and Orginos, Kostas and Savage,
                        Martin J. and Shanahan, Phiala E. and Wagman, Michael L.
                        and Winter, Frank",
      title          = "{Scalar, Axial, and Tensor Interactions of Light Nuclei
                        from Lattice QCD}",
      collaboration  = "NPLQCD",
      journal        = "Phys. Rev. Lett.",
      volume         = "120",
      year           = "2018",
      number         = "15",
      pages          = "152002",
      doi            = "10.1103/PhysRevLett.120.152002",
      eprint         = "1712.03221",
      archivePrefix  = "arXiv",
      primaryClass   = "hep-lat",
      reportNumber   = "INT-PUB-17-054, MIT-CTP-4967, JLAB-THY-17-2607,
                        UMD-PP-017-35",
      SLACcitation   = "%%CITATION = ARXIV:1712.03221;%%"
}



%%% contains utf-8, see: https://inspirehep.net/info/faq/general#utf8
%%% add \usepackage[utf8]{inputenc} to your latex preamble

@article{Beane:2015yha,
      author         = "Beane, Silas R. and Chang, Emmanuel and Detmold, William
                        and Orginos, Kostas and Parreño, Assumpta and Savage,
                        Martin J. and Tiburzi, Brian C.",
      title          = "{Ab initio Calculation of the np→dγ Radiative Capture
                        Process}",
      collaboration  = "NPLQCD",
      journal        = "Phys. Rev. Lett.",
      volume         = "115",
      year           = "2015",
      number         = "13",
      pages          = "132001",
      doi            = "10.1103/PhysRevLett.115.132001",
      eprint         = "1505.02422",
      archivePrefix  = "arXiv",
      primaryClass   = "hep-lat",
      reportNumber   = "INT-PUB-15-010, NT@UW-15-02, MIT-CTP-4666,
                        JLAB-THY-15-2045",
      SLACcitation   = "%%CITATION = ARXIV:1505.02422;%%"
}


@article{Detmold:2015daa,
      author         = "Detmold, William and Orginos, Kostas and Parreno,
                        Assumpta and Savage, Martin J. and Tiburzi, Brian C. and
                        Beane, Silas R. and Chang, Emmanuel",
      title          = "{Unitary Limit of Two-Nucleon Interactions in Strong
                        Magnetic Fields}",
      journal        = "Phys. Rev. Lett.",
      volume         = "116",
      year           = "2016",
      number         = "11",
      pages          = "112301",
      doi            = "10.1103/PhysRevLett.116.112301",
      eprint         = "1508.05884",
      archivePrefix  = "arXiv",
      primaryClass   = "hep-lat",
      reportNumber   = "INT-PUB-15-044, NT@UW-15-10, NSF-KITP-15-119,
                        MIT-CTP-4704, JLAB-THY-15-2128",
      SLACcitation   = "%%CITATION = ARXIV:1508.05884;%%"
}


@article{Savage:2016kon,
      author         = "Savage, Martin J. and Shanahan, Phiala E. and Tiburzi,
                        Brian C. and Wagman, Michael L. and Winter, Frank and
                        Beane, Silas R. and Chang, Emmanuel and Davoudi, Zohreh
                        and Detmold, William and Orginos, Kostas",
      title          = "{Proton-Proton Fusion and Tritium $\beta$ Decay from
                        Lattice Quantum Chromodynamics}",
      journal        = "Phys. Rev. Lett.",
      volume         = "119",
      year           = "2017",
      number         = "6",
      pages          = "062002",
      doi            = "10.1103/PhysRevLett.119.062002",
      eprint         = "1610.04545",
      archivePrefix  = "arXiv",
      primaryClass   = "hep-lat",
      reportNumber   = "INT-PUB-16-033, JLAB-THY-16-2362, MIT-CTP-4844,
                        NT@UW-16-12",
      SLACcitation   = "%%CITATION = ARXIV:1610.04545;%%"
}



%%% contains utf-8, see: https://inspirehep.net/info/faq/general#utf8
%%% add \usepackage[utf8]{inputenc} to your latex preamble

@article{Undagoitia:2015gya,
      author         = "Marrodán Undagoitia, Teresa and Rauch, Ludwig",
      title          = "{Dark matter direct-detection experiments}",
      journal        = "J. Phys.",
      volume         = "G43",
      year           = "2016",
      number         = "1",
      pages          = "013001",
      doi            = "10.1088/0954-3899/43/1/013001",
      eprint         = "1509.08767",
      archivePrefix  = "arXiv",
      primaryClass   = "physics.ins-det",
      SLACcitation   = "%%CITATION = ARXIV:1509.08767;%%"
}



%%% contains utf-8, see: https://inspirehep.net/info/faq/general#utf8
%%% add \usepackage[utf8]{inputenc} to your latex preamble

@article{Delaunay:2016brc,
      author         = "Delaunay, Cédric and Ozeri, Roee and Perez, Gilad and
                        Soreq, Yotam",
      title          = "{Probing Atomic Higgs-like Forces at the Precision
                        Frontier}",
      journal        = "Phys. Rev.",
      volume         = "D96",
      year           = "2017",
      number         = "9",
      pages          = "093001",
      doi            = "10.1103/PhysRevD.96.093001",
      eprint         = "1601.05087",
      archivePrefix  = "arXiv",
      primaryClass   = "hep-ph",
      SLACcitation   = "%%CITATION = ARXIV:1601.05087;%%"
}



%%% contains utf-8, see: https://inspirehep.net/info/faq/general#utf8
%%% add \usepackage[utf8]{inputenc} to your latex preamble

@article{Delaunay:2017dku,
      author         = "Delaunay, Cédric and Frugiuele, Claudia and Fuchs, Elina
                        and Soreq, Yotam",
      title          = "{Probing new spin-independent interactions through
                        precision spectroscopy in atoms with few electrons}",
      journal        = "Phys. Rev.",
      volume         = "D96",
      year           = "2017",
      number         = "11",
      pages          = "115002",
      doi            = "10.1103/PhysRevD.96.115002",
      eprint         = "1709.02817",
      archivePrefix  = "arXiv",
      primaryClass   = "hep-ph",
      SLACcitation   = "%%CITATION = ARXIV:1709.02817;%%"
}


@article{Engel:2013lsa,
      author         = "Engel, Jonathan and Ramsey-Musolf, Michael J. and van
                        Kolck, U.",
      title          = "{Electric Dipole Moments of Nucleons, Nuclei, and Atoms:
                        The Standard Model and Beyond}",
      journal        = "Prog. Part. Nucl. Phys.",
      volume         = "71",
      year           = "2013",
      pages          = "21-74",
      doi            = "10.1016/j.ppnp.2013.03.003",
      eprint         = "1303.2371",
      archivePrefix  = "arXiv",
      primaryClass   = "nucl-th",
      SLACcitation   = "%%CITATION = ARXIV:1303.2371;%%"
}


@article{Yamanaka:2016umw,
      author         = "Yamanaka, Nodoka",
      title          = "{Review of the electric dipole moment of light nuclei}",
      journal        = "Int. J. Mod. Phys.",
      volume         = "E26",
      year           = "2017",
      number         = "4",
      pages          = "1730002",
      doi            = "10.1142/S0218301317300028",
      eprint         = "1609.04759",
      archivePrefix  = "arXiv",
      primaryClass   = "nucl-th",
      reportNumber   = "RIKEN-QHP-294",
      SLACcitation   = "%%CITATION = ARXIV:1609.04759;%%"
}


@article{Chupp:2017rkp,
      author         = "Chupp, Timothy and Fierlinger, Peter and Ramsey-Musolf,
                        Michael and Singh, Jaideep",
      title          = "{Electric dipole moments of atoms, molecules, nuclei, and
                        particles}",
      journal        = "Rev. Mod. Phys.",
      volume         = "91",
      year           = "2019",
      number         = "1",
      pages          = "015001",
      doi            = "10.1103/RevModPhys.91.015001",
      eprint         = "1710.02504",
      archivePrefix  = "arXiv",
      primaryClass   = "physics.atom-ph",
      reportNumber   = "ACFI-T17-18, ACFI-T17-18",
      SLACcitation   = "%%CITATION = ARXIV:1710.02504;%%"
}


@article{Accardi:2012qut,
      author         = "Accardi, A. and others",
      editor         = "Deshpande, A. and Meziani, Z. E. and Qiu, J. W.",
      title          = "{Electron Ion Collider: The Next QCD Frontier}",
      journal        = "Eur. Phys. J.",
      volume         = "A52",
      year           = "2016",
      number         = "9",
      pages          = "268",
      doi            = "10.1140/epja/i2016-16268-9",
      eprint         = "1212.1701",
      archivePrefix  = "arXiv",
      primaryClass   = "nucl-ex",
      reportNumber   = "BNL-98815-2012-JA, JLAB-PHY-12-1652",
      SLACcitation   = "%%CITATION = ARXIV:1212.1701;%%"
}


@article{Winter:2017bfs,
      author         = "Winter, Frank and Detmold, William and Gambhir, Arjun S.
                        and Orginos, Kostas and Savage, Martin J. and Shanahan,
                        Phiala E. and Wagman, Michael L.",
      title          = "{First lattice QCD study of the gluonic structure of
                        light nuclei}",
      journal        = "Phys. Rev.",
      volume         = "D96",
      year           = "2017",
      number         = "9",
      pages          = "094512",
      doi            = "10.1103/PhysRevD.96.094512",
      eprint         = "1709.00395",
      archivePrefix  = "arXiv",
      primaryClass   = "hep-lat",
      reportNumber   = "INT-PUB-17-035, MIT-CTP-4932, JLAB-THY-17-2540",
      SLACcitation   = "%%CITATION = ARXIV:1709.00395;%%"
}



@article{Hill:2017wzi,
      author         = "Hill, Richard J.",
      title          = "{Review of Experimental and Theoretical Status of the
                        Proton Radius Puzzle}",
      booktitle      = "{Proceedings, 12th Conference on Quark Confinement and
                        the Hadron Spectrum (Confinement XII): Thessaloniki,
                        Greece}",
      journal        = "EPJ Web Conf.",
      volume         = "137",
      year           = "2017",
      pages          = "01023",
      doi            = "10.1051/epjconf/201713701023",
      eprint         = "1702.01189",
      archivePrefix  = "arXiv",
      primaryClass   = "hep-ph",
      reportNumber   = "FERMILAB-CONF-17-040-T",
      SLACcitation   = "%%CITATION = ARXIV:1702.01189;%%"
}


@article{Chen:2004zx,
      author         = "Chen, Jiunn-Wei and Detmold, William",
      title          = "{Universality of the EMC effect}",
      journal        = "Phys. Lett.",
      volume         = "B625",
      year           = "2005",
      pages          = "165-170",
      doi            = "10.1016/j.physletb.2005.08.041",
      eprint         = "hep-ph/0412119",
      archivePrefix  = "arXiv",
      primaryClass   = "hep-ph",
      reportNumber   = "NT-UW-04-029",
      SLACcitation   = "%%CITATION = HEP-PH/0412119;%%"
}


@article{Chen:2016bde,
      author         = "Chen, Jiunn-Wei and Detmold, William and Lynn, Joel E.
                        and Schwenk, Achim",
      title          = "{Short Range Correlations and the EMC Effect in Effective
                        Field Theory}",
      journal        = "Phys. Rev. Lett.",
      volume         = "119",
      year           = "2017",
      number         = "26",
      pages          = "262502",
      doi            = "10.1103/PhysRevLett.119.262502",
      eprint         = "1607.03065",
      archivePrefix  = "arXiv",
      primaryClass   = "hep-ph",
      reportNumber   = "MIT-CTP-4798",
      SLACcitation   = "%%CITATION = ARXIV:1607.03065;%%"
}


@article{Hen:2016kwk,
      author         = "Hen, O. and Miller, G. A. and Piasetzky, E. and
                        Weinstein, L. B.",
      title          = "{Nucleon-Nucleon Correlations, Short-lived Excitations,
                        and the Quarks Within}",
      journal        = "Rev. Mod. Phys.",
      volume         = "89",
      year           = "2017",
      number         = "4",
      pages          = "045002",
      doi            = "10.1103/RevModPhys.89.045002",
      eprint         = "1611.09748",
      archivePrefix  = "arXiv",
      primaryClass   = "nucl-ex",
      SLACcitation   = "%%CITATION = ARXIV:1611.09748;%%"
}


@article{Luscher:1990ck,
      author         = "Luscher, Martin and Wolff, Ulli",
      title          = "{How to Calculate the Elastic Scattering Matrix in
                        Two-dimensional Quantum Field Theories by Numerical
                        Simulation}",
      journal        = "Nucl. Phys.",
      volume         = "B339",
      year           = "1990",
      pages          = "222-252",
      doi            = "10.1016/0550-3213(90)90540-T",
      reportNumber   = "DESY-90-010",
      SLACcitation   = "%%CITATION = NUPHA,B339,222;%%"
}


@article{Lattimer:2000nx,
      author         = "Lattimer, J. M. and Prakash, M.",
      title          = "{Neutron star structure and the equation of state}",
      journal        = "Astrophys. J.",
      volume         = "550",
      year           = "2001",
      pages          = "426",
      doi            = "10.1086/319702",
      eprint         = "astro-ph/0002232",
      archivePrefix  = "arXiv",
      primaryClass   = "astro-ph",
      SLACcitation   = "%%CITATION = ASTRO-PH/0002232;%%"
}


@article{Beane:2012ey,
      author         = "Beane, S. R. and Chang, E. and Cohen, S. D. and Detmold,
                        W. and Lin, H. -W. and Luu, T. C. and Orginos, K. and
                        Parreno, A. and Savage, M. J. and Walker-Loud, A.",
      title          = "{Hyperon-Nucleon Interactions and the Composition of
                        Dense Nuclear Matter from Quantum Chromodynamics}",
      journal        = "Phys. Rev. Lett.",
      volume         = "109",
      year           = "2012",
      pages          = "172001",
      doi            = "10.1103/PhysRevLett.109.172001",
      eprint         = "1204.3606",
      archivePrefix  = "arXiv",
      primaryClass   = "hep-lat",
      reportNumber   = "UNH-12-03, JLAB-THY-12-1509, NT-UW-12-06, NT-LBNL-12-005,
                        NT@UW-12-06, UCB-NPAT-12-005",
      SLACcitation   = "%%CITATION = ARXIV:1204.3606;%%"
}



%%% contains utf-8, see: https://inspirehep.net/info/faq/general#utf8
%%% add \usepackage[utf8]{inputenc} to your latex preamble

@article{TheLIGOScientific:2017qsa,
      author         = "Abbott, B. P. and others",
      title          = "{GW170817: Observation of Gravitational Waves from a
                        Binary Neutron Star Inspiral}",
      collaboration  = "LIGO Scientific, Virgo",
      journal        = "Phys. Rev. Lett.",
      volume         = "119",
      year           = "2017",
      number         = "16",
      pages          = "161101",
      doi            = "10.1103/PhysRevLett.119.161101",
      eprint         = "1710.05832",
      archivePrefix  = "arXiv",
      primaryClass   = "gr-qc",
      reportNumber   = "LIGO-P170817",
      SLACcitation   = "%%CITATION = ARXIV:1710.05832;%%"
}


@article{GBM:2017lvd,
      author         = "Abbott, B. P. and others",
      title          = "{Multi-messenger Observations of a Binary Neutron Star
                        Merger}",
      collaboration  = "LIGO Scientific, Virgo, Fermi GBM, INTEGRAL, IceCube,
                        AstroSat Cadmium Zinc Telluride Imager Team, IPN,
                        Insight-Hxmt, ANTARES, Swift, AGILE Team, 1M2H Team, Dark
                        Energy Camera GW-EM, DES, DLT40, GRAWITA, Fermi-LAT, ATCA,
                        ASKAP, Las Cumbres Observatory Group, OzGrav, DWF (Deeper
                        Wider Faster Program), AST3, CAASTRO, VINROUGE, MASTER,
                        J-GEM, GROWTH, JAGWAR, CaltechNRAO, TTU-NRAO, NuSTAR,
                        Pan-STARRS, MAXI Team, TZAC Consortium, KU, Nordic Optical
                        Telescope, ePESSTO, GROND, Texas Tech University, SALT
                        Group, TOROS, BOOTES, MWA, CALET, IKI-GW Follow-up,
                        H.E.S.S., LOFAR, LWA, HAWC, Pierre Auger, ALMA, Euro VLBI
                        Team, Pi of Sky, Chandra Team at McGill University, DFN,
                        ATLAS Telescopes, High Time Resolution Universe Survey,
                        RIMAS, RATIR, SKA South Africa/MeerKAT",
      journal        = "Astrophys. J.",
      volume         = "848",
      year           = "2017",
      number         = "2",
      pages          = "L12",
      doi            = "10.3847/2041-8213/aa91c9",
      eprint         = "1710.05833",
      archivePrefix  = "arXiv",
      primaryClass   = "astro-ph.HE",
      reportNumber   = "LIGO-P1700294, VIR-0802A-17, FERMILAB-PUB-17-478-A-AE-CD",
      SLACcitation   = "%%CITATION = ARXIV:1710.05833;%%"
}


@article{Ozel:2015ykl,
      author         = "Ozel, Feryal and Psaltis, Dimitrios and Arzoumanian,
                        Zaven and Morsink, Sharon and Baubock, Michi",
      title          = "{Measuring Neutron Star Radii via Pulse Profile Modeling
                        with NICER}",
      journal        = "Astrophys. J.",
      volume         = "832",
      year           = "2016",
      number         = "1",
      pages          = "92",
      doi            = "10.3847/0004-637X/832/1/92",
      eprint         = "1512.03067",
      archivePrefix  = "arXiv",
      primaryClass   = "astro-ph.HE",
      SLACcitation   = "%%CITATION = ARXIV:1512.03067;%%"
}


@article{Beane:2014qha,
      author         = "Beane, Silas R. and Savage, Martin J.",
      title          = "{Two-Particle Elastic Scattering in a Finite Volume
                        Including QED}",
      journal        = "Phys. Rev.",
      volume         = "D90",
      year           = "2014",
      number         = "7",
      pages          = "074511",
      doi            = "10.1103/PhysRevD.90.074511",
      eprint         = "1407.4846",
      archivePrefix  = "arXiv",
      primaryClass   = "hep-lat",
      reportNumber   = "NT@UW-14-14, INT-PUB-14-020",
      SLACcitation   = "%%CITATION = ARXIV:1407.4846;%%"
}


@article{Beane:2007qr,
      author         = "Beane, Silas R. and Detmold, William and Savage, Martin
                        J.",
      title          = "{n-Boson Energies at Finite Volume and Three-Boson
                        Interactions}",
      journal        = "Phys. Rev.",
      volume         = "D76",
      year           = "2007",
      pages          = "074507",
      doi            = "10.1103/PhysRevD.76.074507",
      eprint         = "0707.1670",
      archivePrefix  = "arXiv",
      primaryClass   = "hep-lat",
      reportNumber   = "NT@UW-07-11, UNH-07-02",
      SLACcitation   = "%%CITATION = ARXIV:0707.1670;%%"
}


@article{Detmold:2008gh,
      author         = "Detmold, William and Savage, Martin J.",
      title          = "{The Energy of n Identical Bosons in a Finite Volume at
                        O(L**-7)}",
      journal        = "Phys. Rev.",
      volume         = "D77",
      year           = "2008",
      pages          = "057502",
      doi            = "10.1103/PhysRevD.77.057502",
      eprint         = "0801.0763",
      archivePrefix  = "arXiv",
      primaryClass   = "hep-lat",
      reportNumber   = "NT@UW-08-01",
      SLACcitation   = "%%CITATION = ARXIV:0801.0763;%%"
}


@article{Tan:2007bg,
      author         = "Tan, Shina",
      title          = "{Three-boson problem at low energy and implications for
                        dilute Bose-Einstein condensates}",
      journal        = "Phys. Rev.",
      volume         = "A78",
      year           = "2008",
      pages          = "013636",
      doi            = "10.1103/PhysRevA.78.013636",
      eprint         = "0709.2530",
      archivePrefix  = "arXiv",
      primaryClass   = "cond-mat.stat-mech",
      SLACcitation   = "%%CITATION = ARXIV:0709.2530;%%"
}


@article{Kreuzer:2010ti,
      author         = "Kreuzer, Simon and Hammer, H. -W.",
      title          = "{The Triton in a finite volume}",
      journal        = "Phys. Lett.",
      volume         = "B694",
      year           = "2011",
      pages          = "424-429",
      doi            = "10.1016/j.physletb.2010.10.003",
      eprint         = "1008.4499",
      archivePrefix  = "arXiv",
      primaryClass   = "hep-lat",
      reportNumber   = "HISKP-TH-10-23, INT-PUB-10-039",
      SLACcitation   = "%%CITATION = ARXIV:1008.4499;%%"
}


@article{Polejaeva:2012ut,
      author         = "Polejaeva, K. and Rusetsky, A.",
      title          = "{Three particles in a finite volume}",
      journal        = "Eur. Phys. J.",
      volume         = "A48",
      year           = "2012",
      pages          = "67",
      doi            = "10.1140/epja/i2012-12067-8",
      eprint         = "1203.1241",
      archivePrefix  = "arXiv",
      primaryClass   = "hep-lat",
      SLACcitation   = "%%CITATION = ARXIV:1203.1241;%%"
}


@article{Briceno:2012rv,
      author         = "Brice\~no, Ra\'ul A. and Davoudi, Zohreh",
      title          = "{Three-particle scattering amplitudes from a finite
                        volume formalism}",
      journal        = "Phys. Rev.",
      volume         = "D87",
      year           = "2013",
      number         = "9",
      pages          = "094507",
      doi            = "10.1103/PhysRevD.87.094507",
      eprint         = "1212.3398",
      archivePrefix  = "arXiv",
      primaryClass   = "hep-lat",
      reportNumber   = "NT@UW-12-18",
      SLACcitation   = "%%CITATION = ARXIV:1212.3398;%%"
}


@article{Hansen:2014eka,
      author         = "Hansen, Maxwell T. and Sharpe, Stephen R.",
      title          = "{Relativistic, model-independent, three-particle
                        quantization condition}",
      journal        = "Phys. Rev.",
      volume         = "D90",
      year           = "2014",
      number         = "11",
      pages          = "116003",
      doi            = "10.1103/PhysRevD.90.116003",
      eprint         = "1408.5933",
      archivePrefix  = "arXiv",
      primaryClass   = "hep-lat",
      SLACcitation   = "%%CITATION = ARXIV:1408.5933;%%"
}


@article{Detmold:2012wpa,
      author         = "Detmold, William",
      title          = "{Nuclear physics from lattice QCD and effective field
                        theory}",
      booktitle      = "{Proceedings,  10th Conference on Quark Confinement and
                        the Hadron Spectrum (Confinement X): Munich, Germany,
                        October 8-12, 2012}",
      journal        = "PoS",
      volume         = "ConfinementX",
      year           = "2012",
      pages          = "016",
      doi            = "10.22323/1.171.0016",
      SLACcitation   = "%%CITATION = POSCI,ConfinementX,016;%%"
}


@article{Detmold:2013wda,
      author         = "Detmold, William",
      title          = "{Multi-hadron systems in lattice QCD}",
      journal        = "Eur. Phys. J.",
      volume         = "A49",
      year           = "2013",
      pages          = "83",
      doi            = "10.1140/epja/i2013-13083-x",
      SLACcitation   = "%%CITATION = EPHJA,A49,83;%%"
}


@article{Detmold:2015jda,
      author         = "Detmold, William",
      title          = "{Nuclear Physics from Lattice QCD}",
      journal        = "Lect. Notes Phys.",
      volume         = "889",
      year           = "2015",
      pages          = "153-194",
      doi            = "10.1007/978-3-319-08022-2_5",
      SLACcitation   = "%%CITATION = LNPHA,889,153;%%"
}


@article{Kirscher:2015tka,
      author         = "Kirscher, Johannes",
      title          = "{Matching effective few-nucleon theories to QCD}",
      journal        = "Int. J. Mod. Phys.",
      volume         = "E25",
      year           = "2016",
      number         = "05",
      pages          = "1641001",
      doi            = "10.1142/S0218301316410019",
      eprint         = "1509.07697",
      archivePrefix  = "arXiv",
      primaryClass   = "nucl-th",
      SLACcitation   = "%%CITATION = ARXIV:1509.07697;%%"
}


@article{Davoudi:2017ddj,
      author         = "Davoudi, Zohreh",
      title          = "{Lattice QCD input for nuclear structure and reactions}",
      booktitle      = "{Proceedings, 35th International Symposium on Lattice
                        Field Theory (Lattice 2017): Granada, Spain, June 18-24,
                        2017}",
      journal        = "EPJ Web Conf.",
      volume         = "175",
      year           = "2018",
      pages          = "01022",
      doi            = "10.1051/epjconf/201817501022",
      eprint         = "1711.02020",
      archivePrefix  = "arXiv",
      primaryClass   = "hep-lat",
      reportNumber   = "PP-017-34",
      SLACcitation   = "%%CITATION = ARXIV:1711.02020;%%"
}


@article{Savage:2016egr,
      author         = "Savage, Martin J.",
      title          = "{Nuclear Physics}",
      booktitle      = "{Proceedings, 34th International Symposium on Lattice
                        Field Theory (Lattice 2016): Southampton, UK, July 24-30,
                        2016}",
      journal        = "PoS",
      volume         = "LATTICE2016",
      year           = "2016",
      pages          = "021",
      doi            = "10.22323/1.256.0021",
      eprint         = "1611.02078",
      archivePrefix  = "arXiv",
      primaryClass   = "hep-lat",
      reportNumber   = "INT-PUB-16-041",
      SLACcitation   = "%%CITATION = ARXIV:1611.02078;%%"
}


@article{Barnea:2013uqa,
      author         = "Barnea, N. and Contessi, L. and Gazit, D. and Pederiva,
                        F. and van Kolck, U.",
      title          = "{Effective Field Theory for Lattice Nuclei}",
      journal        = "Phys. Rev. Lett.",
      volume         = "114",
      year           = "2015",
      number         = "5",
      pages          = "052501",
      doi            = "10.1103/PhysRevLett.114.052501",
      eprint         = "1311.4966",
      archivePrefix  = "arXiv",
      primaryClass   = "nucl-th",
      reportNumber   = "INT-PUB-13-043",
      SLACcitation   = "%%CITATION = ARXIV:1311.4966;%%"
}



%%% contains utf-8, see: https://inspirehep.net/info/faq/general#utf8
%%% add \usepackage[utf8]{inputenc} to your latex preamble

@article{Bansal:2017pwn,
      author         = "Bansal, A. and Binder, S. and Ekström, A. and Hagen, G.
                        and Jansen, G. R. and Papenbrock, T.",
      title          = "{Pion-less effective field theory for atomic nuclei and
                        lattice nuclei}",
      journal        = "Phys. Rev.",
      volume         = "C98",
      year           = "2018",
      number         = "5",
      pages          = "054301",
      doi            = "10.1103/PhysRevC.98.054301",
      eprint         = "1712.10246",
      archivePrefix  = "arXiv",
      primaryClass   = "nucl-th",
      SLACcitation   = "%%CITATION = ARXIV:1712.10246;%%"
}


@article{Contessi:2017rww,
      author         = "Contessi, L. and Lovato, A. and Pederiva, F. and Roggero,
                        A. and Kirscher, J. and van Kolck, U.",
      title          = "{Ground-state properties of $^{4}$He and $^{16}$O
                        extrapolated from lattice QCD with pionless EFT}",
      journal        = "Phys. Lett.",
      volume         = "B772",
      year           = "2017",
      pages          = "839-848",
      doi            = "10.1016/j.physletb.2017.07.048",
      eprint         = "1701.06516",
      archivePrefix  = "arXiv",
      primaryClass   = "nucl-th",
      reportNumber   = "INT-PUB-17-004",
      SLACcitation   = "%%CITATION = ARXIV:1701.06516;%%"
}


@article{Gandolfi:2017arm,
      author         = "Gandolfi, Stefano and Carlson, Joseph and Roggero,
                        Alessandro and Lynn, Joel and Reddy, Sanjay",
      title          = "{Small Bits of Cold Dense Matter}",
      journal        = "Phys. Lett.",
      volume         = "B785",
      year           = "2018",
      pages          = "232-237",
      doi            = "10.1016/j.physletb.2018.07.073",
      eprint         = "1712.10236",
      archivePrefix  = "arXiv",
      primaryClass   = "nucl-th",
      reportNumber   = "LA-UR-17-31503, INT-PUB-17-056",
      SLACcitation   = "%%CITATION = ARXIV:1712.10236;%%"
}


@article{Kirscher:2017fqc,
      author         = "Kirscher, Johannes and Pazy, Ehoud and Drachman, Jonathan
                        and Barnea, Nir",
      title          = "{Electromagnetic characteristics of $A \leq 3$ physical
                        and lattice nuclei}",
      journal        = "Phys. Rev.",
      volume         = "C96",
      year           = "2017",
      number         = "2",
      pages          = "024001",
      doi            = "10.1103/PhysRevC.96.024001",
      eprint         = "1702.07268",
      archivePrefix  = "arXiv",
      primaryClass   = "nucl-th",
      SLACcitation   = "%%CITATION = ARXIV:1702.07268;%%"
}


@article{Tiburzi:2017iux,
      author         = "Tiburzi, Brian C. and Wagman, Michael L. and Winter,
                        Frank and Chang, Emmanuel and Davoudi, Zohreh and Detmold,
                        William and Orginos, Kostas and Savage, Martin J. and
                        Shanahan, Phiala E.",
      title          = "{Double-$\beta$ Decay Matrix Elements from Lattice
                        Quantum Chromodynamics}",
      journal        = "Phys. Rev.",
      volume         = "D96",
      year           = "2017",
      number         = "5",
      pages          = "054505",
      doi            = "10.1103/PhysRevD.96.054505",
      eprint         = "1702.02929",
      archivePrefix  = "arXiv",
      primaryClass   = "hep-lat",
      reportNumber   = "INT-PUB-17-002, MIT-CTP-4871",
      SLACcitation   = "%%CITATION = ARXIV:1702.02929;%%"
}


@article{Shanahan:2017bgi,
      author         = "Shanahan, Phiala E. and Tiburzi, Brian C. and Wagman,
                        Michael L. and Winter, Frank and Chang, Emmanuel and
                        Davoudi, Zohreh and Detmold, William and Orginos, Kostas
                        and Savage, Martin J.",
      title          = "{Isotensor Axial Polarizability and Lattice QCD Input for
                        Nuclear Double-$\beta$ Decay Phenomenology}",
      journal        = "Phys. Rev. Lett.",
      volume         = "119",
      year           = "2017",
      number         = "6",
      pages          = "062003",
      doi            = "10.1103/PhysRevLett.119.062003",
      eprint         = "1701.03456",
      archivePrefix  = "arXiv",
      primaryClass   = "hep-lat",
      reportNumber   = "INT-PUB-16-056, MIT-CTP-4867",
      SLACcitation   = "%%CITATION = ARXIV:1701.03456;%%"
}


@article{Nicholson:2018mwc,
      author         = "Nicholson, A. and others",
      title          = "{Heavy physics contributions to neutrinoless double beta
                        decay from QCD}",
      journal        = "Phys. Rev. Lett.",
      volume         = "121",
      year           = "2018",
      number         = "17",
      pages          = "172501",
      doi            = "10.1103/PhysRevLett.121.172501",
      eprint         = "1805.02634",
      archivePrefix  = "arXiv",
      primaryClass   = "nucl-th",
      reportNumber   = "LLNL-JRNL-751220, RBRC-1266, RIKEN-ITHEMS-REPORT-18,
                        RIKEN-iTHEMS-Report-18, BNL-209118-2018-JAAM",
      SLACcitation   = "%%CITATION = ARXIV:1805.02634;%%"
}


@article{Feng:2018pdq,
      author         = "Feng, Xu and Jin, Lu-Chang and Tuo, Xin-Yu and Xia,
                        Shi-Cheng",
      title          = "{Light-Neutrino Exchange and Long-Distance Contributions
                        to $0\nu2\beta$ Decays: An Exploratory Study on $\pi\pi\to
                        ee$}",
      journal        = "Phys. Rev. Lett.",
      volume         = "122",
      year           = "2019",
      number         = "2",
      pages          = "022001",
      doi            = "10.1103/PhysRevLett.122.022001",
      eprint         = "1809.10511",
      archivePrefix  = "arXiv",
      primaryClass   = "hep-lat",
      SLACcitation   = "%%CITATION = ARXIV:1809.10511;%%"
}


@article{Detmold:2018zan,
      author         = "Detmold, W. and Murphy, David",
      title          = "{Nuclear Matrix Elements for Neutrinoless Double Beta
                        Decay from Lattice QCD}",
      booktitle      = "{Proceedings, 36th International Symposium on Lattice
                        Field Theory (Lattice 2018): East Lansing, MI, United
                        States, July 22-28, 2018}",
      journal        = "PoS",
      volume         = "LATTICE2018",
      year           = "2019",
      pages          = "262",
      doi            = "10.22323/1.334.0262",
      eprint         = "1811.05554",
      archivePrefix  = "arXiv",
      primaryClass   = "hep-lat",
      SLACcitation   = "%%CITATION = ARXIV:1811.05554;%%"
}

@inproceedings{Albrecht:2013wet,
      author         = "Albrecht, J. and others",
      title          = "{Working Group Report: Charged Leptons}",
      booktitle      = "{Proceedings, 2013 Community Summer Study on the Future
                        of U.S. Particle Physics: Snowmass on the Mississippi
                        (CSS2013): Minneapolis, MN, USA, July 29-August 6, 2013}",
      collaboration  = "Intensity Frontier Charged Lepton Working Group",
%      url            = "http://www.slac.stanford.edu/econf/C1307292/docs/IntensityFrontier/ChLeptons-14.pdf",
      year           = "2013",
      eprint         = "1311.5278",
      archivePrefix  = "arXiv",
      primaryClass   = "hep-ex",
      reportNumber   = "FERMILAB-CONF-14-005-PPD",
      SLACcitation   = "%%CITATION = ARXIV:1311.5278;%%"
}


@article{DellOro:2016tmg,
      author         = "Dell'Oro, Stefano and Marcocci, Simone and Viel, Matteo
                        and Vissani, Francesco",
      title          = "{Neutrinoless double beta decay: 2015 review}",
      journal        = "Adv. High Energy Phys.",
      volume         = "2016",
      year           = "2016",
      pages          = "2162659",
      doi            = "10.1155/2016/2162659",
      eprint         = "1601.07512",
      archivePrefix  = "arXiv",
      primaryClass   = "hep-ph",
      SLACcitation   = "%%CITATION = ARXIV:1601.07512;%%"
}



%%% contains utf-8, see: https://inspirehep.net/info/faq/general#utf8
%%% add \usepackage[utf8]{inputenc} to your latex preamble

@article{Engel:2016xgb,
      author         = "Engel, Jonathan and Menéndez, Javier",
      title          = "{Status and Future of Nuclear Matrix Elements for
                        Neutrinoless Double-Beta Decay: A Review}",
      journal        = "Rept. Prog. Phys.",
      volume         = "80",
      year           = "2017",
      number         = "4",
      pages          = "046301",
      doi            = "10.1088/1361-6633/aa5bc5",
      eprint         = "1610.06548",
      archivePrefix  = "arXiv",
      primaryClass   = "nucl-th",
      SLACcitation   = "%%CITATION = ARXIV:1610.06548;%%"
}
