@article{Boer:2011fh,
      author         = "Boer, Daniel and others",
      title          = "{Gluons and the quark sea at high energies:
                        Distributions, polarization, tomography}",
      year           = "2011",
      eprint         = "1108.1713",
      archivePrefix  = "arXiv",
      primaryClass   = "nucl-th",
      reportNumber   = "SLAC-R-995, INT-PUB-11-034, BNL-96164-2011,
                        JLAB-THY-11-1373",
      SLACcitation   = "%%CITATION = ARXIV:1108.1713;%%"
}

@article{Alekseev:2008aa,
      author         = "Alekseev, M. and others",
      title          = "{Collins and Sivers asymmetries for pions and kaons in
                        muon-deuteron DIS}",
      collaboration  = "COMPASS",
      journal        = "Phys. Lett.",
      volume         = "B673",
      year           = "2009",
      pages          = "127-135",
      doi            = "10.1016/j.physletb.2009.01.060",
      eprint         = "0802.2160",
      archivePrefix  = "arXiv",
      primaryClass   = "hep-ex",
      reportNumber   = "IRFU-08-15, CERN-PH-EP-2008-002",
      SLACcitation   = "%%CITATION = ARXIV:0802.2160;%%"
}

@article{Adolph:2014fjw,
      author         = "Adolph, C. and others",
      title          = "{A high-statistics measurement of transverse spin effects
                        in dihadron production from muonâ€“proton semi-inclusive
                        deep-inelastic scattering}",
      collaboration  = "COMPASS",
      journal        = "Phys. Lett.",
      volume         = "B736",
      year           = "2014",
      pages          = "124-131",
      doi            = "10.1016/j.physletb.2014.06.080",
      eprint         = "1401.7873",
      archivePrefix  = "arXiv",
      primaryClass   = "hep-ex",
      reportNumber   = "CERN-PH-EP-2014-013",
      SLACcitation   = "%%CITATION = ARXIV:1401.7873;%%"
}

@article{Airapetian:2009ae,
      author         = "Airapetian, A. and others",
      title          = "{Observation of the Naive-T-odd Sivers Effect in
                        Deep-Inelastic Scattering}",
      collaboration  = "HERMES",
      journal        = "Phys. Rev. Lett.",
      volume         = "103",
      year           = "2009",
      pages          = "152002",
      doi            = "10.1103/PhysRevLett.103.152002",
      eprint         = "0906.3918",
      archivePrefix  = "arXiv",
      primaryClass   = "hep-ex",
      reportNumber   = "DESY-09-089",
      SLACcitation   = "%%CITATION = ARXIV:0906.3918;%%"
}

@article{Airapetian:2013bim,
      author         = "Airapetian, A. and others",
      title          = "{Transverse target single-spin asymmetry in inclusive
                        electroproduction of charged pions and kaons}",
      collaboration  = "HERMES",
      journal        = "Phys. Lett.",
      volume         = "B728",
      year           = "2014",
      pages          = "183-190",
      doi            = "10.1016/j.physletb.2013.11.021",
      eprint         = "1310.5070",
      archivePrefix  = "arXiv",
      primaryClass   = "hep-ex",
      reportNumber   = "DESY-13-187",
      SLACcitation   = "%%CITATION = ARXIV:1310.5070;%%"
}

@article{Qian:2011py,
      author         = "Qian, X. and others",
      title          = "{Single Spin Asymmetries in Charged Pion Production from
                        Semi-Inclusive Deep Inelastic Scattering on a Transversely
                        Polarized $^3$He Target}",
      collaboration  = "Jefferson Lab Hall A",
      journal        = "Phys. Rev. Lett.",
      volume         = "107",
      year           = "2011",
      pages          = "072003",
      doi            = "10.1103/PhysRevLett.107.072003",
      eprint         = "1106.0363",
      archivePrefix  = "arXiv",
      primaryClass   = "nucl-ex",
      reportNumber   = "JLAB-PHY-11-1332",
      SLACcitation   = "%%CITATION = ARXIV:1106.0363;%%"
}

@article{Avakian:2010ae,
      author         = "Avakian, H. and others",
      title          = "{Measurement of Single and Double Spin Asymmetries in
                        Deep Inelastic Pion Electroproduction with a
                        Longitudinally Polarized Target}",
      collaboration  = "CLAS",
      journal        = "Phys. Rev. Lett.",
      volume         = "105",
      year           = "2010",
      pages          = "262002",
      doi            = "10.1103/PhysRevLett.105.262002",
      eprint         = "1003.4549",
      archivePrefix  = "arXiv",
      primaryClass   = "hep-ex",
      reportNumber   = "JLAB-PHY-10-1157",
      SLACcitation   = "%%CITATION = ARXIV:1003.4549;%%"
}

@article{Gautheron:2010wva,
      author         = "Gautheron, F and others",
      title          = "{COMPASS-II Proposal}",
      collaboration  = "COMPASS",
      year           = "2010",
      reportNumber   = "SPSC-P-340, CERN-SPSC-2010-014",
      SLACcitation   = "%%CITATION = SPSC-P-340;%%"
}

@article{Brown:2014sea,
      author         = "Brown, C. and others",
      title          = "{Letter of Intent for a Drell-Yan Experiment with a
                        Polarized Proton Target}",
      doi            = "10.2172/1296770",
      year           = "2014",
      reportNumber   = "FERMILAB-PROPOSAL-1039",
      SLACcitation   = "%%CITATION = FERMILAB-PROPOSAL-1039;%%"
}

@article{Adare:2013ekj,
      author         = "Adare, A. and others",
      title          = "{Measurement of transverse-single-spin asymmetries for
                        midrapidity and forward-rapidity production of hadrons in
                        polarized p+p collisions at $\sqrt{s}=$200 and 62.4 GeV}",
      collaboration  = "PHENIX",
      journal        = "Phys. Rev.",
      volume         = "D90",
      year           = "2014",
      number         = "1",
      pages          = "012006",
      doi            = "10.1103/PhysRevD.90.012006",
      eprint         = "1312.1995",
      archivePrefix  = "arXiv",
      primaryClass   = "hep-ex",
      SLACcitation   = "%%CITATION = ARXIV:1312.1995;%%"
}

@article{Adamczyk:2012xd,
      author         = "Adamczyk, L. and others",
      title          = "{Transverse Single-Spin Asymmetry and Cross-Section for
                        $\pi^0$ and $\eta$ Mesons at Large Feynman-$x$ in
                        Polarized $p+p$ Collisions at $\sqrt{s}=200$ GeV}",
      collaboration  = "STAR",
      journal        = "Phys. Rev.",
      volume         = "D86",
      year           = "2012",
      pages          = "051101",
      doi            = "10.1103/PhysRevD.86.051101",
      eprint         = "1205.6826",
      archivePrefix  = "arXiv",
      primaryClass   = "nucl-ex",
      SLACcitation   = "%%CITATION = ARXIV:1205.6826;%%"
}

@article{Echevarria:2014vda,
      author         = "Echevarria, Miguel G. and Idilbi, Ahmad and Kang,
                        Zhong-Bo and Vitev, Ivan",
      title          = "{Sivers Asymmetry with QCD Evolution}",
      booktitle      = "{Proceedings, QCD Evolution Workshop (QCD 2014): Santa
                        Fe, USA, May 12-16, 2014}",
      journal        = "Int. J. Mod. Phys. Conf. Ser.",
      volume         = "37",
      year           = "2015",
      pages          = "1560025",
      doi            = "10.1142/S2010194515600253",
      eprint         = "1411.3682",
      archivePrefix  = "arXiv",
      primaryClass   = "hep-ph",
      SLACcitation   = "%%CITATION = ARXIV:1411.3682;%%"
}

@article{Accardi:2012qut,
      author         = "Accardi, A. and others",
      editor         = "Deshpande, A. and Meziani, Z. E. and Qiu, J. W.",
      title          = "{Electron Ion Collider: The Next QCD Frontier}",
      journal        = "Eur. Phys. J.",
      volume         = "A52",
      year           = "2016",
      number         = "9",
      pages          = "268",
      doi            = "10.1140/epja/i2016-16268-9",
      eprint         = "1212.1701",
      archivePrefix  = "arXiv",
      primaryClass   = "nucl-ex",
      reportNumber   = "BNL-98815-2012-JA, JLAB-PHY-12-1652",
      SLACcitation   = "%%CITATION = ARXIV:1212.1701;%%"
}

@article{Hagler:2009mb,
      author         = "Hagler, Ph. and Musch, B. U. and Negele, J. W. and
                        Schafer, A.",
      title          = "{Intrinsic quark transverse momentum in the nucleon from
                        lattice QCD}",
      journal        = "EPL",
      volume         = "88",
      year           = "2009",
      number         = "6",
      pages          = "61001",
      doi            = "10.1209/0295-5075/88/61001",
      eprint         = "0908.1283",
      archivePrefix  = "arXiv",
      primaryClass   = "hep-lat",
      reportNumber   = "TUM-T39-09-08, MIT-CTP-4056",
      SLACcitation   = "%%CITATION = ARXIV:0908.1283;%%"
}

@article{Musch:2010ka,
      author         = "Musch, Bernhard U. and Hagler, Philipp and Negele, John
                        W. and Schafer, Andreas",
      title          = "{Exploring quark transverse momentum distributions with
                        lattice QCD}",
      journal        = "Phys. Rev.",
      volume         = "D83",
      year           = "2011",
      pages          = "094507",
      doi            = "10.1103/PhysRevD.83.094507",
      eprint         = "1011.1213",
      archivePrefix  = "arXiv",
      primaryClass   = "hep-lat",
      reportNumber   = "MIT-CTP-4178, JLAB-THY-10-1266",
      SLACcitation   = "%%CITATION = ARXIV:1011.1213;%%"
}

@article{Musch:2011er,
      author         = "Musch, B. U. and Hagler, Ph. and Engelhardt, M. and
                        Negele, J. W. and Schafer, A.",
      title          = "{Sivers and Boer-Mulders observables from lattice QCD}",
      journal        = "Phys. Rev.",
      volume         = "D85",
      year           = "2012",
      pages          = "094510",
      doi            = "10.1103/PhysRevD.85.094510",
      eprint         = "1111.4249",
      archivePrefix  = "arXiv",
      primaryClass   = "hep-lat",
      reportNumber   = "MIT-CTP-4324, JLAB-THY-11-1462",
      SLACcitation   = "%%CITATION = ARXIV:1111.4249;%%"
}

@article{Engelhardt:2015xja,
      author         = "Engelhardt, M. and HÃ¤gler, P. and Musch, B. and Negele,
                        J. and SchÃ¤fer, A.",
      title          = "{Lattice QCD study of the Boer-Mulders effect in a pion}",
      journal        = "Phys. Rev.",
      volume         = "D93",
      year           = "2016",
      number         = "5",
      pages          = "054501",
      doi            = "10.1103/PhysRevD.93.054501",
      eprint         = "1506.07826",
      archivePrefix  = "arXiv",
      primaryClass   = "hep-lat",
      SLACcitation   = "%%CITATION = ARXIV:1506.07826;%%"
}

@article{Yoon:2017qzo,
      author         = "Yoon, Boram and Engelhardt, Michael and Gupta, Rajan and
                        Bhattacharya, Tanmoy and Green, Jeremy R. and Musch,
                        Bernhard U. and Negele, John W. and Pochinsky, Andrew V.
                        and SchÃ¤fer, Andreas and Syritsyn, Sergey N.",
      title          = "{Nucleon Transverse Momentum-dependent Parton
                        Distributions in Lattice QCD: Renormalization Patterns and
                        Discretization Effects}",
      journal        = "Phys. Rev.",
      volume         = "D96",
      year           = "2017",
      number         = "9",
      pages          = "094508",
      doi            = "10.1103/PhysRevD.96.094508",
      eprint         = "1706.03406",
      archivePrefix  = "arXiv",
      primaryClass   = "hep-lat",
      reportNumber   = "LA-UR-17-24472",
      SLACcitation   = "%%CITATION = ARXIV:1706.03406;%%"
}

@article{Engelhardt:2017miy,
      author         = "Engelhardt, M.",
      title          = "{Quark orbital dynamics in the proton from Lattice QCD --
                        from Ji to Jaffe-Manohar orbital angular momentum}",
      journal        = "Phys. Rev.",
      volume         = "D95",
      year           = "2017",
      number         = "9",
      pages          = "094505",
      doi            = "10.1103/PhysRevD.95.094505",
      eprint         = "1701.01536",
      archivePrefix  = "arXiv",
      primaryClass   = "hep-lat",
      SLACcitation   = "%%CITATION = ARXIV:1701.01536;%%"
}

@article{Constantinou:2017sej,
      author         = "Constantinou, Martha and Panagopoulos, Haralambos",
      title          = "{Perturbative renormalization of quasi-parton
                        distribution functions}",
      journal        = "Phys. Rev.",
      volume         = "D96",
      year           = "2017",
      number         = "5",
      pages          = "054506",
      doi            = "10.1103/PhysRevD.96.054506",
      eprint         = "1705.11193",
      archivePrefix  = "arXiv",
      primaryClass   = "hep-lat",
      SLACcitation   = "%%CITATION = ARXIV:1705.11193;%%"
}

@article{Engelhardt:2015czw,
      author         = "Engelhardt, Michael and Musch, Bernhard and Bhattacharya,
                        Tanmoy and Gupta, Rajan and HÃ¤gler, Philipp and Krieg,
                        Stefan and Negele, John and Pochinsky, Andrew and
                        Syritsyn, Sergey and Yoon, Boram",
      title          = "{Lattice QCD calculations of nucleon transverse
                        momentum-dependent parton distributions (TMDs) at 170 MeV
                        pion mass}",
      booktitle      = "{Proceedings, 33rd International Symposium on Lattice
                        Field Theory (Lattice 2015): Kobe, Japan, July 14-18,
                        2015}",
      journal        = "PoS",
      volume         = "LATTICE2015",
      year           = "2016",
      pages          = "117",
      SLACcitation   = "%%CITATION = POSCI,LATTICE2015,117;%%"
}

@article{Green:2017xeu,
      author         = "Green, Jeremy and Jansen, Karl and Steffens, Fernanda",
      title          = "{Nonperturbative renormalization of nonlocal quark
                        bilinears for quasi-PDFs on the lattice using an auxiliary
                        field}",
      year           = "2017",
      eprint         = "1707.07152",
      archivePrefix  = "arXiv",
      primaryClass   = "hep-lat",
      reportNumber   = "DESY-17-109",
      SLACcitation   = "%%CITATION = ARXIV:1707.07152;%%"
}

@article{Stathopoulos:2013aci,
      author         = "Stathopoulos, Andreas and Laeuchli, Jesse and Orginos,
                        Kostas",
      title          = "{Hierarchical probing for estimating the trace of the
                        matrix inverse on toroidal lattices}",
      year           = "2013",
      eprint         = "1302.4018",
      archivePrefix  = "arXiv",
      primaryClass   = "hep-lat",
      reportNumber   = "JLAB-THY-13-1725",
      SLACcitation   = "%%CITATION = ARXIV:1302.4018;%%"
}

@article{Green:2015wqa,
      author         = "Green, Jeremy and Meinel, Stefan and Engelhardt, Michael
                        and Krieg, Stefan and Laeuchli, Jesse and Negele, John and
                        Orginos, Kostas and Pochinsky, Andrew and Syritsyn,
                        Sergey",
      title          = "{High-precision calculation of the strange nucleon
                        electromagnetic form factors}",
      journal        = "Phys. Rev.",
      volume         = "D92",
      year           = "2015",
      number         = "3",
      pages          = "031501",
      doi            = "10.1103/PhysRevD.92.031501",
      eprint         = "1505.01803",
      archivePrefix  = "arXiv",
      primaryClass   = "hep-lat",
      reportNumber   = "JLAB-THY-15-2043, RBRC-1140",
      SLACcitation   = "%%CITATION = ARXIV:1505.01803;%%"
}

@article{Meissner:2009ww,
      author         = "Meissner, Stephan and Metz, Andreas and Schlegel, Marc",
      title          = "{Generalized parton correlation functions for a spin-1/2
                        hadron}",
      journal        = "JHEP",
      volume         = "08",
      year           = "2009",
      pages          = "056",
      doi            = "10.1088/1126-6708/2009/08/056",
      eprint         = "0906.5323",
      archivePrefix  = "arXiv",
      primaryClass   = "hep-ph",
      reportNumber   = "JLAB-THY-09-1018",
      SLACcitation   = "%%CITATION = ARXIV:0906.5323;%%"
}


