% BibTeX for USQCD WPs

@article{Lahde:2019npb,
	author         = "Lähde, Timo A. and Meißner, Ulf-G.",
	title          = "{Nuclear Lattice Effective Field Theory}",
	journal        = "Lect. Notes Phys.",
	volume         = "957",
	year           = "2019",
	pages          = "1-396",
	doi            = "10.1007/978-3-030-14189-9",
	SLACcitation   = "%%CITATION = LNPHA,957,1;%%"
}

@article{Lee:2008fa,
	author         = "Lee, Dean",
	title          = "{Lattice simulations for few- and many-body systems}",
	journal        = "Prog. Part. Nucl. Phys.",
	volume         = "63",
	year           = "2009",
	pages          = "117-154",
	doi            = "10.1016/j.ppnp.2008.12.001",
	eprint         = "0804.3501",
	archivePrefix  = "arXiv",
	primaryClass   = "nucl-th",
	SLACcitation   = "%%CITATION = ARXIV:0804.3501;%%"
}

@article{Lahde:2019yvr,
	author         = "Lähde, Timo A. and Meißner, Ulf-G. and Epelbaum,
	Evgeny",
	title          = "{An update on fine-tunings in the triple-alpha process}",
	year           = "2019",
	eprint         = "1906.00607",
	archivePrefix  = "arXiv",
	primaryClass   = "nucl-th",
	SLACcitation   = "%%CITATION = ARXIV:1906.00607;%%"
}

@article{Chambers:2015kuw,
	author         = "Chambers, A. J. and others",
	title          = "{Applications of the Feynman-Hellmann Theorem in Hadron
	Structure}",
	booktitle      = "{Proceedings, 33rd International Symposium on Lattice
	Field Theory (Lattice 2015): Kobe, Japan, July 14-18,
	2015}",
	journal        = "PoS",
	volume         = "LATTICE2015",
	year           = "2016",
	pages          = "125",
	doi            = "10.22323/1.251.0125",
	eprint         = "1511.07090",
	archivePrefix  = "arXiv",
	primaryClass   = "hep-lat",
	reportNumber   = "ADP-15-42-T944, DESY-15-214, Edinburgh-2015-28, LTH-1067",
	SLACcitation   = "%%CITATION = ARXIV:1511.07090;%%"
}

@article{Agadjanov:2018yxh,
	author         = "Agadjanov, Andria and Meißner, Ulf-G. and Rusetsky,
	Akaki",
	title          = "{Nucleon in a periodic magnetic field: Finite-volume
	aspects}",
	journal        = "Phys. Rev.",
	volume         = "D99",
	year           = "2019",
	number         = "5",
	pages          = "054501",
	doi            = "10.1103/PhysRevD.99.054501",
	eprint         = "1812.06013",
	archivePrefix  = "arXiv",
	primaryClass   = "hep-lat",
	SLACcitation   = "%%CITATION = ARXIV:1812.06013;%%"
}

@article{Agadjanov:2016cjc,
	author         = "Agadjanov, Andria and Meißner, Ulf-G. and Rusetsky,
	Akaki",
	title          = "{Nucleon in a periodic magnetic field}",
	journal        = "Phys. Rev.",
	volume         = "D95",
	year           = "2017",
	number         = "3",
	pages          = "031502",
	doi            = "10.1103/PhysRevD.95.031502",
	eprint         = "1610.05545",
	archivePrefix  = "arXiv",
	primaryClass   = "hep-lat",
	SLACcitation   = "%%CITATION = ARXIV:1610.05545;%%"
}

@article{Bazavov:2019lgz,
      author         = "Bazavov, Alexei and Karsch, Frithjof and Mukherjee,
                        Swagato and Petreczky, Peter",
      title          = "{Hot-dense Lattice QCD: USQCD whitepaper 2018}",
      collaboration  = "USQCD",
      year           = "2019",
      eprint         = "1904.09951",
      archivePrefix  = "arXiv",
      primaryClass   = "hep-lat",
      SLACcitation   = "%%CITATION = ARXIV:1904.09951;%%"
}
@article{Brower:2019oor,
      author         = "Brower, Richard C. and Hasenfratz, Anna and Neil, Ethan
                        T. and Catterall, Simon and Fleming, George and Giedt,
                        Joel and Rinaldi, Enrico and Schaich, David and Weinberg,
                        Evan and Witzel, Oliver",
      title          = "{Lattice Gauge Theory for Physics Beyond the Standard
                        Model}",
      collaboration  = "USQCD",
      year           = "2019",
      eprint         = "1904.09964",
      archivePrefix  = "arXiv",
      primaryClass   = "hep-lat",
      SLACcitation   = "%%CITATION = ARXIV:1904.09964;%%"
}
@article{Cirigliano:2019jig,
      author         = "Cirigliano, Vincenzo and Davoudi, Zohreh and
                        Bhattacharya, Tanmoy and Izubuchi, Taku and Shanahan,
                        Phiala E. and Syritsyn, Sergey and Wagman, Michael L.",
      title          = "{The Role of Lattice QCD in Searches for Violations of
                        Fundamental Symmetries and Signals for New Physics}",
      collaboration  = "USQCD",
      year           = "2019",
      eprint         = "1904.09704",
      archivePrefix  = "arXiv",
      primaryClass   = "hep-lat",
      SLACcitation   = "%%CITATION = ARXIV:1904.09704;%%"
}
@article{Detmold:2019ghl,
      author         = "Detmold, William and Edwards, Robert G. and Dudek, Jozef
                        J. and Engelhardt, Michael and Lin, Huey-Wen and Meinel,
                        Stefan and Orginos, Kostas and Shanahan, Phiala",
      title          = "{Hadrons and Nuclei}",
      collaboration  = "USQCD",
      year           = "2019",
      eprint         = "1904.09512",
      archivePrefix  = "arXiv",
      primaryClass   = "hep-lat",
      reportNumber   = "JLAB-THY-19-2936",
      SLACcitation   = "%%CITATION = ARXIV:1904.09512;%%"
}
@article{Joo:2019byq,
      author         = "Jo\'o, B\'alint and Jung, Chulwoo and Christ, Norman H. and
                        Detmold, William and Edwards, Robert and Savage, Martin
                        and Shanahan, Phiala",
      title          = "{Status and Future Perspectives for Lattice Gauge Theory
                        Calculations to the Exascale and Beyond}",
      collaboration  = "USQCD",
      year           = "2019",
      eprint         = "1904.09725",
      archivePrefix  = "arXiv",
      primaryClass   = "hep-lat",
      SLACcitation   = "%%CITATION = ARXIV:1904.09725;%%"
}
@article{Kronfeld:2019nfb,
      author         = "Kronfeld, Andreas S. and Richards, David G. and Detmold,
                        William and Gupta, Rajan and Lin, Huey-Wen and Liu,
                        Keh-Fei and Meyer, Aaron S. and Sufian, Raza and Syritsin,
                        Sergey",
      title          = "{Lattice QCD and Neutrino-Nucleus Scattering}",
      collaboration  = "USQCD",
      year           = "2019",
      eprint         = "1904.09931",
      archivePrefix  = "arXiv",
      primaryClass   = "hep-lat",
      reportNumber   = "FERMILAB-PUB-19-172-T",
      SLACcitation   = "%%CITATION = ARXIV:1904.09931;%%"
}
@article{Lehner:2019wvv,
      author         = "Lehner, Christoph and others",
      title          = "{Opportunities for Lattice QCD in Quark and Lepton Flavor
                        Physics}",
      collaboration  = "USQCD",
      year           = "2019",
      eprint         = "1904.09479",
      archivePrefix  = "arXiv",
      primaryClass   = "hep-lat",
      reportNumber   = "FERMILAB-PUB-19-173-T, RBRC-1309",
      SLACcitation   = "%%CITATION = ARXIV:1904.09479;%%"
}
