@article{Detmold:2014kba,
	author         = "Detmold, William and McCullough, Matthew and Pochinsky,
	Andrew",
	title          = "{Dark nuclei. II. Nuclear spectroscopy in two-color QCD}",
	journal        = "Phys. Rev.",
	volume         = "D90",
	year           = "2014",
	number         = "11",
	pages          = "114506",
	doi            = "10.1103/PhysRevD.90.114506",
	eprint         = "1406.4116",
	archivePrefix  = "arXiv",
	primaryClass   = "hep-lat",
	reportNumber   = "MIT-CTP-4555",
	SLACcitation   = "%%CITATION = ARXIV:1406.4116;%%"
}

@article{Detmold:2014qqa,
	author         = "Detmold, William and McCullough, Matthew and Pochinsky,
	Andrew",
	title          = "{Dark Nuclei I: Cosmology and Indirect Detection}",
	journal        = "Phys. Rev.",
	volume         = "D90",
	year           = "2014",
	number         = "11",
	pages          = "115013",
	doi            = "10.1103/PhysRevD.90.115013",
	eprint         = "1406.2276",
	archivePrefix  = "arXiv",
	primaryClass   = "hep-ph",
	reportNumber   = "MIT-CTP-4554",
	SLACcitation   = "%%CITATION = ARXIV:1406.2276;%%"
}

@article{Orginos:2015aya,
	author         = "Orginos, Kostas and Parreno, Assumpta and Savage, Martin
	J. and Beane, Silas R. and Chang, Emmanuel and Detmold,
	William",
	title          = "{Two nucleon systems at $m_\pi\sim 450~{\rm MeV}$ from
	lattice QCD}",
	journal        = "Phys. Rev.",
	volume         = "D92",
	year           = "2015",
	number         = "11",
	pages          = "114512",
	doi            = "10.1103/PhysRevD.92.114512",
	eprint         = "1508.07583",
	archivePrefix  = "arXiv",
	primaryClass   = "hep-lat",
	reportNumber   = "INT-PUB-15-042, NSF-KITP-15-120, NT@UW-15-09,
	MIT-CTP-4709, JLAB-THY-15-2130",
	SLACcitation   = "%%CITATION = ARXIV:1508.07583;%%"
}

@article{Beane:2009gs,
	author         = "Beane, Silas R. and Detmold, William and Luu, Thomas C
	and Orginos, Kostas and Parreno, Assumpta and Savage,
	Martin J. and Torok, Aaron and Walker-Loud, Andre",
	title          = "{High Statistics Analysis using Anisotropic Clover
	Lattices. II. Three-Baryon Systems}",
	journal        = "Phys. Rev.",
	volume         = "D80",
	year           = "2009",
	pages          = "074501",
	doi            = "10.1103/PhysRevD.80.074501",
	eprint         = "0905.0466",
	archivePrefix  = "arXiv",
	primaryClass   = "hep-lat",
	reportNumber   = "UNH-09-02, JLAB-THY-09-984, NT-UW-09-09,
	ATHENA-PUB-09-016",
	SLACcitation   = "%%CITATION = ARXIV:0905.0466;%%"
}

@article{Parisi:1983ae,
	author         = "Parisi, G.",
	title          = "{The Strategy for Computing the Hadronic Mass Spectrum}",
	booktitle      = "{COMMON TRENDS IN PARTICLE AND CONDENSED MATTER PHYSICS.
	PROCEEDINGS, WINTER ADVANCED STUDY INSTITUTE, LES HOUCHES,
	FRANCE, FEBRUARY 23 - MARCH 11, 1983}",
	journal        = "Phys. Rept.",
	volume         = "103",
	year           = "1984",
	pages          = "203-211",
	doi            = "10.1016/0370-1573(84)90081-4",
	reportNumber   = "LNF-83-36-P",
	SLACcitation   = "%%CITATION = PRPLC,103,203;%%"
}

@article{Hamber:1983vu,
	author         = "Hamber, H. W. and Marinari, E. and Parisi, G. and Rebbi,
	C.",
	title          = "{Considerations on Numerical Analysis of {QCD}}",
	journal        = "Nucl. Phys.",
	volume         = "B225",
	year           = "1983",
	pages          = "475",
	doi            = "10.1016/0550-3213(83)90528-X",
	reportNumber   = "SACLAY-SPH-T-83-054",
	SLACcitation   = "%%CITATION = NUPHA,B225,475;%%"
}

@article{Falcioni:1981mm,
	author         = "Falcioni, M. and Marinari, E. and Paciello, M. L. and
	Parisi, G. and Rapuano, F. and Taglienti, B. and Zhang,
	Yi-cheng",
	title          = "{On the Masses of the Glueballs in Pure SU(2) Lattice
	Gauge Theory}",
	journal        = "Phys. Lett.",
	volume         = "110B",
	year           = "1982",
	pages          = "295",
	doi            = "10.1016/0370-2693(82)91256-4",
	note           = "[,359(1981)]",
	reportNumber   = "ROME-277-1981",
	SLACcitation   = "%%CITATION = PHLTA,110B,295;%%"
}

@article{Undagoitia:2015gya,
      author         = "Marrodán Undagoitia, Teresa and Rauch, Ludwig",
      title          = "{Dark matter direct-detection experiments}",
      journal        = "J. Phys.",
      volume         = "G43",
      year           = "2016",
      number         = "1",
      pages          = "013001",
      doi            = "10.1088/0954-3899/43/1/013001",
      eprint         = "1509.08767",
      archivePrefix  = "arXiv",
      primaryClass   = "physics.ins-det",
      SLACcitation   = "%%CITATION = ARXIV:1509.08767;%%"
}

@article{Delaunay:2016brc,
	author         = "Delaunay, Cédric and Ozeri, Roee and Perez, Gilad and
	Soreq, Yotam",
	title          = "{Probing Atomic Higgs-like Forces at the Precision
	Frontier}",
	journal        = "Phys. Rev.",
	volume         = "D96",
	year           = "2017",
	number         = "9",
	pages          = "093001",
	doi            = "10.1103/PhysRevD.96.093001",
	eprint         = "1601.05087",
	archivePrefix  = "arXiv",
	primaryClass   = "hep-ph",
	SLACcitation   = "%%CITATION = ARXIV:1601.05087;%%"
}

@article{Delaunay:2017dku,
	author         = "Delaunay, Cédric and Frugiuele, Claudia and Fuchs, Elina
	and Soreq, Yotam",
	title          = "{Probing new spin-independent interactions through
	precision spectroscopy in atoms with few electrons}",
	journal        = "Phys. Rev.",
	volume         = "D96",
	year           = "2017",
	number         = "11",
	pages          = "115002",
	doi            = "10.1103/PhysRevD.96.115002",
	eprint         = "1709.02817",
	archivePrefix  = "arXiv",
	primaryClass   = "hep-ph",
	SLACcitation   = "%%CITATION = ARXIV:1709.02817;%%"
}

@article{Nicholson:2016byl,
	author         = "Nicholson, Amy and Berkowitz, Evan and Chang, Chia Cheng
	and Clark, M. A. and Joo, Balint and Kurth, Thorsten and
	Rinaldi, Enrico and Tiburzi, Brian and Vranas, Pavlos and
	Walker-Loud, Andre",
	title          = "{Neutrinoless double beta decay from lattice QCD}",
	booktitle      = "{Proceedings, 34th International Symposium on Lattice
	Field Theory (Lattice 2016): Southampton, UK, July 24-30,
	2016}",
	journal        = "PoS",
	volume         = "LATTICE2016",
	year           = "2016",
	pages          = "017",
	eprint         = "1608.04793",
	archivePrefix  = "arXiv",
	primaryClass   = "hep-lat",
	reportNumber   = "LLNL-PROC-700398",
	SLACcitation   = "%%CITATION = ARXIV:1608.04793;%%"
}

@article{Shanahan:2017bgi,
	author         = "Shanahan, Phiala E. and Tiburzi, Brian C. and Wagman,
	Michael L. and Winter, Frank and Chang, Emmanuel and
	Davoudi, Zohreh and Detmold, William and Orginos, Kostas
	and Savage, Martin J.",
	title          = "{Isotensor Axial Polarizability and Lattice QCD Input for
	Nuclear Double-$\beta$ Decay Phenomenology}",
	journal        = "Phys. Rev. Lett.",
	volume         = "119",
	year           = "2017",
	number         = "6",
	pages          = "062003",
	doi            = "10.1103/PhysRevLett.119.062003",
	eprint         = "1701.03456",
	archivePrefix  = "arXiv",
	primaryClass   = "hep-lat",
	reportNumber   = "INT-PUB-16-056, MIT-CTP-4867",
	SLACcitation   = "%%CITATION = ARXIV:1701.03456;%%"
}

@article{Engel:2016xgb,
	author         = "Engel, Jonathan and Menéndez, Javier",
	title          = "{Status and Future of Nuclear Matrix Elements for
	Neutrinoless Double-Beta Decay: A Review}",
	journal        = "Rept. Prog. Phys.",
	volume         = "80",
	year           = "2017",
	number         = "4",
	pages          = "046301",
	doi            = "10.1088/1361-6633/aa5bc5",
	eprint         = "1610.06548",
	archivePrefix  = "arXiv",
	primaryClass   = "nucl-th",
	SLACcitation   = "%%CITATION = ARXIV:1610.06548;%%"
}

@article{Detmold:2018eqd,
	author         = "Detmold, William and Kanwar, Gurtej and Wagman, Michael
	L.",
	title          = "{Phase Unwrapping and One-Dimensional Sign Problems}",
	year           = "2018",
	eprint         = "1806.01832",
	archivePrefix  = "arXiv",
	primaryClass   = "hep-lat",
	reportNumber   = "MIT-CTP/5023, MIT-CTP-5023",
	SLACcitation   = "%%CITATION = ARXIV:1806.01832;%%"
}

@article{Chang:2017eiq,
	author         = "Chang, Emmanuel and Davoudi, Zohreh and Detmold, William
	and Gambhir, Arjun S. and Orginos, Kostas and Savage,
	Martin J. and Shanahan, Phiala E. and Wagman, Michael L.
	and Winter, Frank",
	title          = "{Nuclear modification of scalar, axial and tensor charges
	from lattice QCD}",
	journal        = "Phys. Rev. Lett.",
	volume         = "120",
	year           = "2018",
	number         = "15",
	pages          = "152002",
	doi            = "10.1103/PhysRevLett.120.152002",
	eprint         = "1712.03221",
	archivePrefix  = "arXiv",
	primaryClass   = "hep-lat",
	reportNumber   = "INT-PUB-17-054, MIT-CTP-4967, JLAB-THY-17-2607,
	UMD-PP-017-35",
	SLACcitation   = "%%CITATION = ARXIV:1712.03221;%%"
}

@article{DellOro:2016tmg,
	author         = "Dell'Oro, Stefano and Marcocci, Simone and Viel, Matteo
	and Vissani, Francesco",
	title          = "{Neutrinoless double beta decay: 2015 review}",
	journal        = "Adv. High Energy Phys.",
	volume         = "2016",
	year           = "2016",
	pages          = "2162659",
	doi            = "10.1155/2016/2162659",
	eprint         = "1601.07512",
	archivePrefix  = "arXiv",
	primaryClass   = "hep-ph",
	SLACcitation   = "%%CITATION = ARXIV:1601.07512;%%"
}


@article{Tiburzi:2017iux,
	author         = "Tiburzi, Brian C. and Wagman, Michael L. and Winter,
	Frank and Chang, Emmanuel and Davoudi, Zohreh and Detmold,
	William and Orginos, Kostas and Savage, Martin J. and
	Shanahan, Phiala E.",
	title          = "{Double-$\beta$ Decay Matrix Elements from Lattice
	Quantum Chromodynamics}",
	journal        = "Phys. Rev.",
	volume         = "D96",
	year           = "2017",
	number         = "5",
	pages          = "054505",
	doi            = "10.1103/PhysRevD.96.054505",
	eprint         = "1702.02929",
	archivePrefix  = "arXiv",
	primaryClass   = "hep-lat",
	reportNumber   = "INT-PUB-17-002, MIT-CTP-4871",
	SLACcitation   = "%%CITATION = ARXIV:1702.02929;%%"
}

@inproceedings{Albrecht:2013wet,
	author         = "Albrecht, J. and others",
	title          = "{Working Group Report: Charged Leptons}",
	booktitle      = "{Proceedings, 2013 Community Summer Study on the Future
	of U.S. Particle Physics: Snowmass on the Mississippi
	(CSS2013): Minneapolis, MN, USA, July 29-August 6, 2013}",
	collaboration  = "Intensity Frontier Charged Lepton Working Group",
	url            = "https://inspirehep.net/record/1265506/files/arXiv:1311.5278.pdf",
	year           = "2013",
	eprint         = "1311.5278",
	archivePrefix  = "arXiv",
	primaryClass   = "hep-ex",
	reportNumber   = "FERMILAB-CONF-14-005-PPD",
	SLACcitation   = "%%CITATION = ARXIV:1311.5278;%%"
}

@article{Beane:2013kca,
	author         = "Beane, S.R. and Cohen, S.D. and Detmold, W. and Lin, H.
	-W. and Savage, M.J.",
	title          = "{Nuclear \sigma-terms and Scalar-Isoscalar WIMP-Nucleus
	Interactions from Lattice QCD}",
	year           = "2013",
	eprint         = "1306.6939",
	archivePrefix  = "arXiv",
	primaryClass   = "hep-ph",
	SLACcitation   = "%%CITATION = ARXIV:1306.6939;%%",
}

@article{Barnea:2013uqa,
	author         = "Barnea, N. and Contessi, L. and Gazit, D. and Pederiva,
	F. and van Kolck, U.",
	title          = "{Effective Field Theory for Lattice Nuclei}",
	year           = "2013",
	eprint         = "1311.4966",
	archivePrefix  = "arXiv",
	primaryClass   = "nucl-th",
	reportNumber   = "INT-PUB-13-043",
	SLACcitation   = "%%CITATION = ARXIV:1311.4966;%%",
}

@article{Hansen:2013dla,
	author         = "Hansen, Maxwell T. and Sharpe, Stephen R.",
	title          = "{Relativistic, model-independent, three-particle
	quantization condition}",
	year           = "2013",
	eprint         = "1311.4848",
	archivePrefix  = "arXiv",
	primaryClass   = "hep-lat",
	SLACcitation   = "%%CITATION = ARXIV:1311.4848;%%",
}

@article{Beth:1937zz,
	author         = "Beth, E. and Uhlenbeck, G.",
	title          = "{The quantum theory of the non-ideal gas. II. Behaviour
	at low temperatures}",
	journal        = "Physica",
	volume         = "4",
	pages          = "915-924",
	doi            = "10.1016/S0031-8914(37)80189-5",
	year           = "1937",
	SLACcitation   = "%%CITATION = PHYSA,4,915;%%",
}

@article{Gottlieb:1995dk,
	author         = "Gottlieb, Steven A. and Rummukainen, K.",
	title          = "{Resonance scattering on the lattice with nonzero total
	momentum}",
	journal        = "Nucl.Phys.Proc.Suppl.",
	volume         = "47",
	pages          = "819-822",
	doi            = "10.1016/0920-5632(96)00182-X",
	year           = "1996",
	eprint         = "hep-lat/9509088",
	archivePrefix  = "arXiv",
	primaryClass   = "hep-lat",
	reportNumber   = "IUHET-317, C95-07-11",
	SLACcitation   = "%%CITATION = HEP-LAT/9509088;%%",
}

@article{Detmold:2013gua,
	author         = "Detmold, William and Nicholson, Amy N.",
	title          = "{Baryon masses at nonzero isospin/kaon density}",
	year           = "2013",
	eprint         = "1308.5186",
	archivePrefix  = "arXiv",
	primaryClass   = "hep-lat",
	reportNumber   = "MIT-CTP-4491, UM-DOE-ER-40762-529",
	SLACcitation   = "%%CITATION = ARXIV:1308.5186;%%",
}

@article{Shanahan:2013yta,
	author         = "Shanahan, P.E. and Thomas, A.W. and Young, R.D.",
	title          = "{Updated Analysis of the Mass of the H Dibaryon from
	Lattice QCD}",
	year           = "2013",
	eprint         = "1308.1748",
	archivePrefix  = "arXiv",
	primaryClass   = "nucl-th",
	SLACcitation   = "%%CITATION = ARXIV:1308.1748;%%",
}

@article{Mohler:2013rwa,
	author         = "Mohler, Daniel and Lang, C.B. and Leskovec, Luka and
	Prelovsek, Sasa and Woloshyn, R.M.",
	title          = "{The D_s0^*(2317) and DK scattering from lattice QCD}",
	year           = "2013",
	eprint         = "1308.3175",
	archivePrefix  = "arXiv",
	primaryClass   = "hep-lat",
	reportNumber   = "FERMILAB-PUB-13-318-T",
	SLACcitation   = "%%CITATION = ARXIV:1308.3175;%%",
}

@article{Bali:2009hu,
	author         = "Bali, Gunnar S. and Collins, Sara and Schafer, Andreas",
	title          = "{Effective noise reduction techniques for disconnected
	loops in Lattice QCD}",
	journal        = "Comput.Phys.Commun.",
	volume         = "181",
	pages          = "1570-1583",
	doi            = "10.1016/j.cpc.2010.05.008",
	year           = "2010",
	eprint         = "0910.3970",
	archivePrefix  = "arXiv",
	primaryClass   = "hep-lat",
	SLACcitation   = "%%CITATION = ARXIV:0910.3970;%%",
}

@article{Blum:2012uh,
	author         = "Blum, Thomas and Izubuchi, Taku and Shintani, Eigo",
	title          = "{A new class of variance reduction techniques using
	lattice symmetries}",
	year           = "2012",
	eprint         = "1208.4349",
	archivePrefix  = "arXiv",
	primaryClass   = "hep-lat",
	reportNumber   = "RBRC-967",
	SLACcitation   = "%%CITATION = ARXIV:1208.4349;%%",
}

@article{Luscher:2001up,
	author         = "{L\"uscher}, Martin and Weisz, Peter",
	title          = "{Locality and exponential error reduction in numerical
	lattice gauge theory}",
	journal        = "JHEP",
	volume         = "0109",
	pages          = "010",
	year           = "2001",
	eprint         = "hep-lat/0108014",
	archivePrefix  = "arXiv",
	primaryClass   = "hep-lat",
	reportNumber   = "CERN-TH-2001-208, UT-CCP-P-110, MPI-PHT-2001-25",
	SLACcitation   = "%%CITATION = HEP-LAT/0108014;%%",
}

@article{DellaMorte:2008jd,
	author         = "Della Morte, Michele and Giusti, Leonardo",
	title          = "{Symmetries and exponential error reduction in Yang-Mills
	theories on the lattice}",
	journal        = "Comput.Phys.Commun.",
	volume         = "180",
	pages          = "819-826",
	doi            = "10.1016/j.cpc.2009.03.009",
	year           = "2009",
	eprint         = "0806.2601",
	archivePrefix  = "arXiv",
	primaryClass   = "hep-lat",
	reportNumber   = "CERN-PH-TH-2008-112",
	SLACcitation   = "%%CITATION = ARXIV:0806.2601;%%",
}

@article{Prelovsek:2013xba,
	author         = "Prelovsek, Sasa and Leskovec, Luka",
	title          = "{Search for Z_c^+(3900) in the 1^+- channel on the
	lattice}",
	year           = "2013",
	eprint         = "1308.2097",
	archivePrefix  = "arXiv",
	primaryClass   = "hep-lat",
	SLACcitation   = "%%CITATION = ARXIV:1308.2097;%%",
}
@article{Smigielski:2008pa,
	author         = "Smigielski, Brian and Wasem, Joseph",
	title          = "{Ground-state energy shift of n pions and m kaons in a
	finite volume}",
	journal        = "Phys.Rev.",
	volume         = "D79",
	pages          = "054506",
	doi            = "10.1103/PhysRevD.79.054506",
	year           = "2009",
	eprint         = "0811.4392",
	archivePrefix  = "arXiv",
	primaryClass   = "hep-lat",
	reportNumber   = "NT-UW-08-25",
	SLACcitation   = "%%CITATION = ARXIV:0811.4392;%%",
}

@inproceedings{hida2001algorithms,
	title={Algorithms for quad-double precision floating point arithmetic},
	author={Hida, Yozo and Li, Xiaoye S and Bailey, David H},
	booktitle={Computer Arithmetic, 2001. Proceedings. 15th IEEE Symposium on},
	pages={155--162},
	year={2001},
	organization={IEEE}
}

@PhdThesis{Shi_Thesis,
	title = "{Multi-meson systems form Lattice Quantum Chromodynamics}",
	author = "Zhifeng Shi",
	school = "College of William \& Mary",
	month = May,
	year = "2013",
}


@report{arprec,
	AUTHOR =        {D. H. Bailey and Y. Hida, and X. S. Li, and B. Thompson},
	TITLE =         {ARPREC An arbitrary precision computation package},
	INSTITUTION =   {Lawrence Berkeley National Laboratory},
	ADDRESS =       {Berkeley, CA 94720},
	MONTH = {September},
	YEAR  =         {2002},
	URL   =         {http://crd.lbl.gov/\~dhbailey/dhbpapers/arprec.pdf}
}


@article{Sasaki:2006jn,
	author         = "Sasaki, Shoichi and Yamazaki, Takeshi",
	title          = "{Signatures of S-wave bound-state formation in finite
	volume}",
	journal        = "Phys.Rev.",
	volume         = "D74",
	pages          = "114507",
	doi            = "10.1103/PhysRevD.74.114507",
	year           = "2006",
	eprint         = "hep-lat/0610081",
	archivePrefix  = "arXiv",
	primaryClass   = "hep-lat",
	reportNumber   = "RBRC-613",
	SLACcitation   = "%%CITATION = HEP-LAT/0610081;%%",
}

@article{Prelovsek:2013cra,
	author         = "Prelovsek, Sasa and Leskovec, Luka",
	title          = "{Evidence for X(3872) from DD* scattering on the
	lattice}",
	year           = "2013",
	eprint         = "1307.5172",
	archivePrefix  = "arXiv",
	primaryClass   = "hep-lat",
	SLACcitation   = "%%CITATION = ARXIV:1307.5172;%%",
}

@article{Epelbaum:2013tta,
	author         = "Epelbaum, Evgeny",
	title          = "{Nuclear Physics with Chiral Effective Field Theory:
	State of the Art and Open Challenges}",
	journal        = "PoS",
	volume         = "ConfinementX",
	pages          = "014",
	year           = "2012",
	eprint         = "1302.3241",
	archivePrefix  = "arXiv",
	primaryClass   = "nucl-th",
	SLACcitation   = "%%CITATION = ARXIV:1302.3241;%%",
}

@article{Jiang:2008ja,
	author         = "Jiang, F.-J. and Tiburzi, B.C.",
	title          = "{Flavor Twisted Boundary Conditions and the Nucleon
	Vector Current}",
	journal        = "Phys.Rev.",
	volume         = "D78",
	pages          = "114505",
	doi            = "10.1103/PhysRevD.78.114505",
	year           = "2008",
	eprint         = "0810.1495",
	archivePrefix  = "arXiv",
	primaryClass   = "hep-lat",
	reportNumber   = "UMD-40762-430",
	SLACcitation   = "%%CITATION = ARXIV:0810.1495;%%",
}
@article{Jiang:2008te,
	author         = "Jiang, Fu-Jiun and Tiburzi, Brian C.",
	title          = "{Flavor Twisted Boundary Conditions in the Breit Frame}",
	journal        = "Phys.Rev.",
	volume         = "D78",
	pages          = "037501",
	doi            = "10.1103/PhysRevD.78.037501",
	year           = "2008",
	eprint         = "0806.4371",
	archivePrefix  = "arXiv",
	primaryClass   = "hep-lat",
	reportNumber   = "UMD-40762-413",
	SLACcitation   = "%%CITATION = ARXIV:0806.4371;%%",
}
@article{Jiang:2006gna,
	author         = "Jiang, F.-J. and Tiburzi, B.C.",
	title          = "{Flavor twisted boundary conditions, pion momentum, and
	the pion electromagnetic form-factor}",
	journal        = "Phys.Lett.",
	volume         = "B645",
	pages          = "314-321",
	doi            = "10.1016/j.physletb.2006.12.041",
	year           = "2007",
	eprint         = "hep-lat/0610103",
	archivePrefix  = "arXiv",
	primaryClass   = "hep-lat",
	SLACcitation   = "%%CITATION = HEP-LAT/0610103;%%",
}
@article{Tiburzi:2006px,
	author         = "Tiburzi, Brian C.",
	title          = "{Flavor twisted boundary conditions and isovector form
	factors}",
	journal        = "Phys.Lett.",
	volume         = "B641",
	pages          = "342-349",
	doi            = "10.1016/j.physletb.2006.08.059",
	year           = "2006",
	eprint         = "hep-lat/0607019",
	archivePrefix  = "arXiv",
	primaryClass   = "hep-lat",
	SLACcitation   = "%%CITATION = HEP-LAT/0607019;%%",
}
@article{Tiburzi:2005hg,
	author         = "Tiburzi, Brian C.",
	title          = "{Flavor twisted boundary conditions and the nucleon axial
	current}",
	journal        = "Phys.Lett.",
	volume         = "B617",
	pages          = "40-48",
	doi            = "10.1016/j.physletb.2005.05.006",
	year           = "2005",
	eprint         = "hep-lat/0504002",
	archivePrefix  = "arXiv",
	primaryClass   = "hep-lat",
	SLACcitation   = "%%CITATION = HEP-LAT/0504002;%%",
}

@article{Wang:2012pb,
	author         = "Wang, P.",
	title          = "{Recent results charmonium decays at BES-III}",
	journal        = "Nucl.Phys.Proc.Suppl.",
	volume         = "225-227",
	pages          = "97-101",
	doi            = "10.1016/j.nuclphysbps.2012.02.022",
	year           = "2012",
	SLACcitation   = "%%CITATION = NUPHZ,225-227,97;%%",
}
@article{Marcello:2012soa,
	author         = "Marcello, Simonetta",
	title          = "{The PANDA physics programme}",
	journal        = "Hyperfine Interact.",
	volume         = "209",
	pages          = "93-98",
	doi            = "10.1007/s10751-011-0548-5",
	year           = "2012",
	SLACcitation   = "%%CITATION = HYIND,209,93;%%",
}

@article{Eugenio:2012cra,
	author         = "Eugenio, Paul",
	title          = "{The GlueX experiment: Search for gluonic excitations via
	photoproduction at Jefferson Lab}",
	journal        = "PoS",
	volume         = "ConfinementX",
	pages          = "349",
	year           = "2012",
	SLACcitation   = "%%CITATION = POSCI,ConfinementX,349;%%",
}

@article{Sato:2007ms,
	author         = "Sato, Ikuro and Bedaque, Paulo F.",
	title          = "{Fitting two nucleons inside a box: Exponentially
	suppressed corrections to the Luscher's formula}",
	journal        = "Phys.Rev.",
	volume         = "D76",
	pages          = "034502",
	doi            = "10.1103/PhysRevD.76.034502",
	year           = "2007",
	eprint         = "hep-lat/0702021",
	archivePrefix  = "arXiv",
	primaryClass   = "HEP-LAT",
	reportNumber   = "LBNL-62480, DOE-ER-40762-383",
	SLACcitation   = "%%CITATION = HEP-LAT/0702021;%%",
}

@article{Bedaque:2006yi,
	author         = "Bedaque, Paulo F. and Sato, Ikuro and Walker-Loud, Andre",
	title          = "{Finite volume corrections to pi-pi scattering}",
	journal        = "Phys.Rev.",
	volume         = "D73",
	pages          = "074501",
	doi            = "10.1103/PhysRevD.73.074501",
	year           = "2006",
	eprint         = "hep-lat/0601033",
	archivePrefix  = "arXiv",
	primaryClass   = "hep-lat",
	reportNumber   = "NT-UW-05-15, LBNL-59327",
	SLACcitation   = "%%CITATION = HEP-LAT/0601033;%%",
}

@book{DeGrand:2006zz,
	author         = "DeGrand, Thomas and Detar, Carleton E.",
	title          = "{Lattice methods for quantum chromodynamics}",
	publisher  = "World Scientific",
	place = "New Jersey, USA",
	year           = "2006",
	SLACcitation   = "%%CITATION = INSPIRE-739893;%%",
}

@article{Rothe:1992nt,
	author         = "Rothe, H.J.",
	title          = "{Lattice gauge theories: An Introduction}",
	journal        = "World Sci.Lect.Notes Phys.",
	volume         = "43",
	pages          = "1-381",
	year           = "1992",
	SLACcitation   = "%%CITATION = 00327,43,1;%%",
}
@article{Beane:2000fx,
	author         = "Beane, Silas R. and Bedaque, Paulo F. and Haxton, Wick C.
	and Phillips, Daniel R. and Savage, Martin J.",
	title          = "{From hadrons to nuclei: Crossing the border}",
	year           = "2000",
	eprint         = "nucl-th/0008064",
	archivePrefix  = "arXiv",
	primaryClass   = "nucl-th",
	reportNumber   = "NT-UW-00-021, DOE-ER-41132-101",
	SLACcitation   = "%%CITATION = NUCL-TH/0008064;%%",
}

@article{Machleidt:2011zz,
	author         = "Machleidt, R. and Entem, D.R.",
	title          = "{Chiral effective field theory and nuclear forces}",
	journal        = "Phys.Rept.",
	volume         = "503",
	pages          = "1-75",
	doi            = "10.1016/j.physrep.2011.02.001",
	year           = "2011",
	eprint         = "1105.2919",
	archivePrefix  = "arXiv",
	primaryClass   = "nucl-th",
	SLACcitation   = "%%CITATION = ARXIV:1105.2919;%%",
}

@Book{barrow86,
	author =	 {J. D. Barrow and F. J. Tipler},
	title = 	 {The Anthropic Cosmological Principle},
	publisher = 	 {Clarendon Press},
	year = 	 1986,
	address =	 {Oxford}
}

@book{Carr,
	editor = {B. Carr},
	title = {Universe of Multiverse?},
	publisher = {Cambrige University Press},
	place={Cambridge},
	year = 2007}



@article{Bogner:2013pxa,
	author         = "Bogner, Scott and Bulgac, Aurel and Carlson, Joseph A.
	and Engel, Jonathan and Fann, George and others",
	title          = "{Computational Nuclear Quantum Many-Body Problem: The
	UNEDF Project}",
	year           = "2013",
	eprint         = "1304.3713",
	archivePrefix  = "arXiv",
	primaryClass   = "nucl-th",
	SLACcitation   = "%%CITATION = ARXIV:1304.3713;%%",
}

@article{Bogner:2009bt,
	author         = "Bogner, S.K. and Furnstahl, R.J. and Schwenk, A.",
	title          = "{From low-momentum interactions to nuclear structure}",
	journal        = "Prog.Part.Nucl.Phys.",
	volume         = "65",
	pages          = "94-147",
	doi            = "10.1016/j.ppnp.2010.03.001",
	year           = "2010",
	eprint         = "0912.3688",
	archivePrefix  = "arXiv",
	primaryClass   = "nucl-th",
	SLACcitation   = "%%CITATION = ARXIV:0912.3688;%%",
}

@article{Epelbaum:2008ga,
	author         = "Epelbaum, Evgeny and Hammer, Hans-Werner and Mei\ss{}ner,
	Ulf-G.",
	title          = "{Modern Theory of Nuclear Forces}",
	journal        = "Rev.Mod.Phys.",
	volume         = "81",
	pages          = "1773-1825",
	doi            = "10.1103/RevModPhys.81.1773",
	year           = "2009",
	eprint         = "0811.1338",
	archivePrefix  = "arXiv",
	primaryClass   = "nucl-th",
	reportNumber   = "HISKP-TH-08-18, FZJ-IKP-TH-2008-20",
	SLACcitation   = "%%CITATION = ARXIV:0811.1338;%%",
}

@article{Dean:2003vc,
	author         = "Dean, D.J. and Hjorth-Jensen, M.",
	title          = "{Coupled cluster approach to nuclear physics}",
	journal        = "Phys.Rev.",
	volume         = "C69",
	pages          = "054320",
	doi            = "10.1103/PhysRevC.69.054320",
	year           = "2004",
	eprint         = "nucl-th/0308088",
	archivePrefix  = "arXiv",
	primaryClass   = "nucl-th",
	SLACcitation   = "%%CITATION = NUCL-TH/0308088;%%",
}

@article{Pieper:2001mp,
	author         = "Pieper, Steven C. and Wiringa, Robert B.",
	title          = "{Quantum Monte Carlo calculations of light nuclei}",
	journal        = "Ann.Rev.Nucl.Part.Sci.",
	volume         = "51",
	pages          = "53-90",
	doi            = "10.1146/annurev.nucl.51.101701.132506",
	year           = "2001",
	eprint         = "nucl-th/0103005",
	archivePrefix  = "arXiv",
	primaryClass   = "nucl-th",
	SLACcitation   = "%%CITATION = NUCL-TH/0103005;%%",
}

@article{Barrett:2013nh,
	author         = "Barrett, Bruce R. and Navratil, Petr and Vary, James P.",
	title          = "{Ab initio no core shell model}",
	journal        = "Prog.Part.Nucl.Phys.",
	volume         = "69",
	pages          = "131-181",
	doi            = "10.1016/j.ppnp.2012.10.003",
	year           = "2013",
	SLACcitation   = "%%CITATION = PPNPD,69,131;%%",
}

@inproceedings{HansenSharpeLattt2013,
	author  = "Hansen, M. T. and Sharpe, S. R.",
	title   = "{\it Relativistic, model-independent, three-particle quantization condition: (I) and (II)}",
	publisher = "Presented as the 31st Internatioanl Symposium on Lattice Field Theory, Mainz, Gernamy",
	year    = 2013
}

@article{Epelbaum:2009zsa,
	author         = "Epelbaum, Evgeny and Krebs, Hermann and Lee, Dean and
	Mei\ss{}ner, Ulf-G.",
	title          = "{Lattice chiral effective field theory with three-body
	interactions at next-to-next-to-leading order}",
	journal        = "Eur.Phys.J.",
	volume         = "A41",
	pages          = "125-139",
	doi            = "10.1140/epja/i2009-10764-y",
	year           = "2009",
	eprint         = "0903.1666",
	archivePrefix  = "arXiv",
	primaryClass   = "nucl-th",
	SLACcitation   = "%%CITATION = ARXIV:0903.1666;%%",
}

@article{Borasoy:2006qn,
	author         = "Borasoy, Bugra and Epelbaum, Evgeny and Krebs, Hermann
	and Lee, Dean and Mei\ss{}ner, Ulf-G.",
	title          = "{Lattice Simulations for Light Nuclei: Chiral Effective
	Field Theory at Leading Order}",
	journal        = "Eur.Phys.J.",
	volume         = "A31",
	pages          = "105-123",
	doi            = "10.1140/epja/i2006-10154-1",
	year           = "2007",
	eprint         = "nucl-th/0611087",
	archivePrefix  = "arXiv",
	primaryClass   = "nucl-th",
	SLACcitation   = "%%CITATION = NUCL-TH/0611087;%%",
}

@article{Shanahan:2011su,
	author         = "Shanahan, P.E. and Thomas, A.W. and Young, R.D.",
	title          = "{Mass of the H-dibaryon}",
	journal        = "Phys.Rev.Lett.",
	volume         = "107",
	pages          = "092004",
	doi            = "10.1103/PhysRevLett.107.092004",
	year           = "2011",
	eprint         = "1106.2851",
	archivePrefix  = "arXiv",
	primaryClass   = "nucl-th",
	reportNumber   = "ADP-10-22-T744",
	SLACcitation   = "%%CITATION = ARXIV:1106.2851;%%",
}

@article{Haidenbauer:2011ah,
	author         = "Haidenbauer, J. and Mei\ss{}ner, Ulf-G.",
	title          = "{To bind or not to bind: The H-dibaryon in light of
	chiral effective field theory}",
	journal        = "Phys.Lett.",
	volume         = "B706",
	pages          = "100-105",
	doi            = "10.1016/j.physletb.2011.10.070",
	year           = "2011",
	eprint         = "1109.3590",
	archivePrefix  = "arXiv",
	primaryClass   = "hep-ph",
	SLACcitation   = "%%CITATION = ARXIV:1109.3590;%%",
}

@article{Sachrajda:2004mi,
	author         = "Sachrajda, C.T. and Villadoro, G.",
	title          = "{Twisted boundary conditions in lattice simulations}",
	journal        = "Phys.Lett.",
	volume         = "B609",
	pages          = "73-85",
	doi            = "10.1016/j.physletb.2005.01.033",
	year           = "2005",
	eprint         = "hep-lat/0411033",
	archivePrefix  = "arXiv",
	primaryClass   = "hep-lat",
	reportNumber   = "ROMA-1393-04, SHEP-0436",
	SLACcitation   = "%%CITATION = HEP-LAT/0411033;%%",
}

@article{Bedaque:2004ax,
	author         = "Bedaque, Paulo F. and Chen, Jiunn-Wei",
	title          = "{Twisted valence quarks and hadron interactions on the
	lattice}",
	journal        = "Phys.Lett.",
	volume         = "B616",
	pages          = "208-214",
	doi            = "10.1016/j.physletb.2005.04.045",
	year           = "2005",
	eprint         = "hep-lat/0412023",
	archivePrefix  = "arXiv",
	primaryClass   = "hep-lat",
	reportNumber   = "LBNL-56738",
	SLACcitation   = "%%CITATION = HEP-LAT/0412023;%%",
}

@article{Murano:2011nz,
	author         = "Murano, Keiko and Ishii, Noriyoshi and Aoki, Sinya and
	Hatsuda, Tetsuo",
	title          = "{Nucleon-Nucleon Potential and its Non-locality in
	Lattice QCD}",
	journal        = "Prog.Theor.Phys.",
	volume         = "125",
	pages          = "1225-1240",
	doi            = "10.1143/PTP.125.1225",
	year           = "2011",
	eprint         = "1103.0619",
	archivePrefix  = "arXiv",
	primaryClass   = "hep-lat",
	reportNumber   = "KEK-CP-248",
	SLACcitation   = "%%CITATION = ARXIV:1103.0619;%%",
}

@article{HALQCD:2012aa,
	author         = "Ishii, Noriyoshi and others",
	title          = "{Hadron-Hadron Interactions from Imaginary-time
	Nambu-Bethe-Salpeter Wave Function on the Lattice}",
	collaboration  = "HAL QCD Collaboration",
	journal        = "Phys.Lett.",
	volume         = "B712",
	pages          = "437-441",
	doi            = "10.1016/j.physletb.2012.04.076",
	year           = "2012",
	eprint         = "1203.3642",
	archivePrefix  = "arXiv",
	primaryClass   = "hep-lat",
	SLACcitation   = "%%CITATION = ARXIV:1203.3642;%%",
}

@article{Detmold:2007wk,
	author         = "Detmold, William and Orginos, Kostas and Savage, Martin
	J.",
	title          = "{BB Potentials in Quenched Lattice QCD}",
	journal        = "Phys.Rev.",
	volume         = "D76",
	pages          = "114503",
	doi            = "10.1103/PhysRevD.76.114503",
	year           = "2007",
	eprint         = "hep-lat/0703009",
	archivePrefix  = "arXiv",
	primaryClass   = "HEP-LAT",
	reportNumber   = "NT@UW-07-05, JLAB-THY-07-625",
	SLACcitation   = "%%CITATION = HEP-LAT/0703009;%%",
}

@article{Michael:1999nq,
	author         = "Michael, Christopher and Pennanen, P.",
	title          = "{Two heavy - light mesons on a lattice}",
	collaboration  = "UKQCD Collaboration",
	journal        = "Phys.Rev.",
	volume         = "D60",
	pages          = "054012",
	doi            = "10.1103/PhysRevD.60.054012",
	year           = "1999",
	eprint         = "hep-lat/9901007",
	archivePrefix  = "arXiv",
	primaryClass   = "hep-lat",
	reportNumber   = "NORDITA-98-79, LTH-449",
	SLACcitation   = "%%CITATION = HEP-LAT/9901007;%%",
}

@article{Mihaly:1996ue,
	author         = "Mihaly, A. and Fiebig, H.R. and Markum, H. and Rabitsch,
	K.",
	title          = "{Interactions between heavy - light mesons in lattice
	QCD}",
	journal        = "Phys.Rev.",
	volume         = "D55",
	pages          = "3077-3081",
	doi            = "10.1103/PhysRevD.55.3077",
	year           = "1997",
	reportNumber   = "PRINT-97-042 (KOSSUTH-LAJOS)",
	SLACcitation   = "%%CITATION = PHRVA,D55,3077;%%",
}

@article{Brown:2012tm,
	author         = "Brown, Zachary S. and Orginos, Kostas",
	title          = "{Tetraquark bound states in the heavy-light heavy-light
	system}",
	journal        = "Phys.Rev.",
	volume         = "D86",
	pages          = "114506",
	doi            = "10.1103/PhysRevD.86.114506",
	year           = "2012",
	eprint         = "1210.1953",
	archivePrefix  = "arXiv",
	primaryClass   = "hep-lat",
	reportNumber   = "JLAB-THY-12-1643",
	SLACcitation   = "%%CITATION = ARXIV:1210.1953;%%",
}

@article{Bicudo:2012qt,
	author         = "Bicudo, Pedro and Wagner, Marc",
	title          = "{Lattice QCD signal for a bottom-bottom tetraquark}",
	journal        = "Phys.Rev.",
	volume         = "D87",
	pages          = "114511",
	doi            = "10.1103/PhysRevD.87.114511",
	year           = "2013",
	eprint         = "1209.6274",
	archivePrefix  = "arXiv",
	primaryClass   = "hep-ph",
	SLACcitation   = "%%CITATION = ARXIV:1209.6274;%%",
}
@article{osborne1995modified,
	title={A modified Prony algorithm for exponential function fitting},
	author={Osborne, MR and Smyth, Gordon K},
	journal={SIAM Journal on Scientific Computing},
	volume={16},
	number={1},
	pages={119--138},
	year={1995},
	publisher={SIAM}
}

@article{Murano:2013xxa,
	author         = "Murano, K. and Ishii, N. and Aoki, S. and Doi, T. and
	Hatsuda, T. and others",
	title          = "{Spin-Orbit Force from Lattice QCD}",
	year           = "2013",
	eprint         = "1305.2293",
	archivePrefix  = "arXiv",
	primaryClass   = "hep-lat",
	reportNumber   = "YITP-13-28-, RIKEN-QHP-86, UTCCS-P-72",
	SLACcitation   = "%%CITATION = ARXIV:1305.2293;%%",
}

@article{Aoki:2012bb,
	author         = "Aoki, Sinya and Charron, Bruno and Doi, Takumi and
	Hatsuda, Tetsuo and Inoue, Takashi and others",
	title          = "{Construction of energy-independent potentials above
	inelastic thresholds in quantum field theories}",
	journal        = "Phys.Rev.",
	volume         = "D87",
	pages          = "034512",
	doi            = "10.1103/PhysRevD.87.034512",
	year           = "2013",
	eprint         = "1212.4896",
	archivePrefix  = "arXiv",
	primaryClass   = "hep-lat",
	reportNumber   = "UTHEP-650, INT-PUB-12-059, RIKEN-QHP-55",
	SLACcitation   = "%%CITATION = ARXIV:1212.4896;%%",
}

@article{Gattringer:1991gp,
	author         = "Gattringer, C.R. and Lang, C.B.",
	title          = "{Monte Carlo study of resonance scattering in 2-d lattice
	field theory}",
	journal        = "Phys.Lett.",
	volume         = "B274",
	pages          = "95-99",
	doi            = "10.1016/0370-2693(92)90309-R",
	year           = "1992",
	reportNumber   = "UNIGRAZ-UTP-08-10-91",
	SLACcitation   = "%%CITATION = PHLTA,B274,95;%%",
}

@article{Gattringer:1992np,
	author         = "Gattringer, C.R. and Lang, C.B.",
	title          = "{Resonance scattering phase shifts in a 2-d lattice
	model}",
	journal        = "Nucl.Phys.",
	volume         = "B391",
	pages          = "463-482",
	doi            = "10.1016/0550-3213(93)90155-I",
	year           = "1993",
	eprint         = "hep-lat/9206004",
	archivePrefix  = "arXiv",
	primaryClass   = "hep-lat",
	reportNumber   = "UNIGRAZ-UTP-04-05-92",
	SLACcitation   = "%%CITATION = HEP-LAT/9206004;%%",
}

@article{Nishimura:1992gi,
	author         = "Nishimura, Jun",
	title          = "{Computation of phase shift in four-dimensional O(4)
	phi**4 theory by Monte Carlo Simulation}",
	journal        = "Nucl.Phys.Proc.Suppl.",
	volume         = "26",
	pages          = "542-544",
	doi            = "10.1016/0920-5632(92)90328-P",
	year           = "1992",
	reportNumber   = "UT-596, C91-11-05.1",
	SLACcitation   = "%%CITATION = NUPHZ,26,542;%%",
}

@article{Gockeler:1994rx,
	author         = "{G\"ockeler}, Meinulf and Kastrup, Hans A. and Westphalen,
	Jorg and Zimmermann, Frank",
	title          = "{Scattering phases on finite lattices in the broken phase
	of the four-dimensional O(4) phi**4 theory}",
	journal        = "Nucl.Phys.",
	volume         = "B425",
	pages          = "413-448",
	doi            = "10.1016/0550-3213(94)90186-4",
	year           = "1994",
	eprint         = "hep-lat/9402011",
	archivePrefix  = "arXiv",
	primaryClass   = "hep-lat",
	reportNumber   = "HLRZ-8-94, PITHA-11-94",
	SLACcitation   = "%%CITATION = HEP-LAT/9402011;%%",
}

@article{Gutsfeld:1999pu,
	author         = "Gutsfeld, C. and Kastrup, H.A. and Stergios, K.",
	title          = "{Mass spectrum and elastic scattering in the massive
	SU(2)(f) Schwinger model on the lattice}",
	journal        = "Nucl.Phys.",
	volume         = "B560",
	pages          = "431-464",
	doi            = "10.1016/S0550-3213(99)00447-2",
	year           = "1999",
	eprint         = "hep-lat/9904015",
	archivePrefix  = "arXiv",
	primaryClass   = "hep-lat",
	reportNumber   = "PITHA-99-13",
	SLACcitation   = "%%CITATION = HEP-LAT/9904015;%%",
}

@article{Sharpe:1992pp,
	author         = "Sharpe, Stephen R. and Gupta, Rajan and Kilcup, Gregory
	W.",
	title          = "{Lattice calculation of I = 2 pion scattering length}",
	journal        = "Nucl.Phys.",
	volume         = "B383",
	pages          = "309-356",
	doi            = "10.1016/0550-3213(92)90681-Z",
	year           = "1992",
	reportNumber   = "NSF-ITP-90-234, CEBAF-TH-92-08, DOE-ER-40423-23,
	LA-UR-91-617",
	SLACcitation   = "%%CITATION = NUPHA,B383,309;%%",
}

@article{Yamazaki:2004qb,
	author         = "Yamazaki, T. and others",
	title          = "{I = 2 pi pi scattering phase shift with two flavors of
	O(a) improved dynamical quarks}",
	collaboration  = "CP-PACS Collaboration",
	journal        = "Phys.Rev.",
	volume         = "D70",
	pages          = "074513",
	doi            = "10.1103/PhysRevD.70.074513",
	year           = "2004",
	eprint         = "hep-lat/0402025",
	archivePrefix  = "arXiv",
	primaryClass   = "hep-lat",
	reportNumber   = "UTHEP-484, UTCCP-P-147",
	SLACcitation   = "%%CITATION = HEP-LAT/0402025;%%",
}

@article{Doi:2006kx,
	author         = "Doi, Takumi and Takahashi, Toru T. and Suganuma, Hideo",
	title          = "{Meson-meson and meson-baryon interactions in lattice
	QCD}",
	journal        = "AIP Conf.Proc.",
	volume         = "842",
	pages          = "246-248",
	doi            = "10.1063/1.2220239",
	year           = "2006",
	eprint         = "hep-lat/0601008",
	archivePrefix  = "arXiv",
	primaryClass   = "hep-lat",
	SLACcitation   = "%%CITATION = HEP-LAT/0601008;%%",
}


@article{Kaplan:1998tg,
	author         = "Kaplan, David B. and Savage, Martin J. and Wise, Mark B.",
	title          = "{A New expansion for nucleon-nucleon interactions}",
	journal        = "Phys.Lett.",
	volume         = "B424",
	pages          = "390-396",
	doi            = "10.1016/S0370-2693(98)00210-X",
	year           = "1998",
	eprint         = "nucl-th/9801034",
	archivePrefix  = "arXiv",
	primaryClass   = "nucl-th",
	reportNumber   = "DOE-ER-40561-352, INT-97-00-189, NT-UW-98-05,
	CALT-68-2155",
	SLACcitation   = "%%CITATION = NUCL-TH/9801034;%%",
}

@article{Kaplan:1998we,
	author         = "Kaplan, David B. and Savage, Martin J. and Wise, Mark B.",
	title          = "{Two nucleon systems from effective field theory}",
	journal        = "Nucl.Phys.",
	volume         = "B534",
	pages          = "329-355",
	doi            = "10.1016/S0550-3213(98)00440-4",
	year           = "1998",
	eprint         = "nucl-th/9802075",
	archivePrefix  = "arXiv",
	primaryClass   = "nucl-th",
	reportNumber   = "DOE-ER-40561-357, INT-98-00-5, NT-UW-98-08, CALT-68-2161",
	SLACcitation   = "%%CITATION = NUCL-TH/9802075;%%",
}

@article{Blum:2012uk,
	author         = "Blum, T. and Boyle, P.A. and Christ, N.H. and Garron, N.
	and Goode, E. and others",
	title          = "{Lattice determination of the $K \to (\pi\pi)_{I=2}$
	Decay Amplitude $A_2$}",
	journal        = "Phys.Rev.",
	volume         = "D86",
	pages          = "074513",
	doi            = "10.1103/PhysRevD.86.074513",
	year           = "2012",
	eprint         = "1206.5142",
	archivePrefix  = "arXiv",
	primaryClass   = "hep-lat",
	reportNumber   = "CU-TP-1202, EDINBURGH-2012-10, MPP-2012-101, SHEP-1217",
	SLACcitation   = "%%CITATION = ARXIV:1206.5142;%%",
}

@article{Christ:2012se,
	author         = "Christ, N.H. and Izubuchi, T. and Sachrajda, C.T. and
	Soni, A. and Yu, J.",
	title          = "{Long distance contribution to the KL-KS mass
	difference}",
	year           = "2012",
	eprint         = "1212.5931",
	archivePrefix  = "arXiv",
	primaryClass   = "hep-lat",
	SLACcitation   = "%%CITATION = ARXIV:1212.5931;%%",
}




@Unpublished{USQCD_IntensityFrontier,
	author = 	 {Blum, T. and Buchoff, M. and Christ, N. and Kronfeld, A. and Mackenzie, P. and Sharpe, S. and Suger, R. and Van de Water, R.},
	title = 	 {{\sc USQCD} Whitepaper: Lattice  QCD at the intensity frontier},
	year = 	 {2013},
	note  =  {{\tt http://www.usqcd.org/documents/13flavor.pdf}}
}

@article{Kurth:2013tua,
	author         = "Kurth, T. and Ishii, N. and Doi, T. and Aoki, S. and
	Hatsuda, T.",
	title          = "{Phase shifts in I=2 {\pi}{\pi}-scattering from two
	lattice approaches}",
	year           = "2013",
	eprint         = "1305.4462",
	archivePrefix  = "arXiv",
	primaryClass   = "hep-lat",
	reportNumber   = "WUB-13-06, UTCCS-P-73, RIKEN-QHP-84, YITP-13-27",
	SLACcitation   = "%%CITATION = ARXIV:1305.4462;%%",
}

@article{Epelbaum:2012iu,
	author         = "Epelbaum, Evgeny and Krebs, Hermann and Lahde, Timo A.
	and Lee, Dean and Mei\ss{}ner, Ulf-G.",
	title          = "{The fate of carbon-based life as a function of the light
	quark mass}",
	journal        = "Phys. Rev. Lett. 110,",
	volume         = "112502",
	year           = "2013",
	eprint         = "1212.4181",
	archivePrefix  = "arXiv",
	primaryClass   = "nucl-th",
	SLACcitation   = "%%CITATION = ARXIV:1212.4181;%%",
}

@article{Liu:2005kr,
	author         = "Liu, Chuan and Feng, Xu and He, Song",
	title          = "{Two particle states in a box and the S-matrix in
	multi-channel scattering}",
	journal        = "Int.J.Mod.Phys.",
	volume         = "A21",
	pages          = "847-850",
	doi            = "10.1142/S0217751X06032150",
	year           = "2006",
	eprint         = "hep-lat/0508022",
	archivePrefix  = "arXiv",
	primaryClass   = "hep-lat",
	SLACcitation   = "%%CITATION = HEP-LAT/0508022;%%",
}

@article{Bernard:2010fp,
	author         = "Bernard, V. and Lage, M. and Mei\ss{}ner, U.-G. and
	Rusetsky, A.",
	title          = "{Scalar mesons in a finite volume}",
	journal        = "JHEP",
	volume         = "1101",
	pages          = "019",
	doi            = "10.1007/JHEP01(2011)019",
	year           = "2011",
	eprint         = "1010.6018",
	archivePrefix  = "arXiv",
	primaryClass   = "hep-lat",
	reportNumber   = "PREPRINT-HISKP-TH-10-21, FZJ-IKP(TH)-2010-18",
	SLACcitation   = "%%CITATION = ARXIV:1010.6018;%%",
}

@article{Lage:2009zv,
	author         = "Lage, Michael and Mei\ss{}ner, Ulf-G. and Rusetsky, Akaki",
	title          = "{A Method to measure the antikaon-nucleon scattering
	length in lattice QCD}",
	journal        = "Phys.Lett.",
	volume         = "B681",
	pages          = "439-443",
	doi            = "10.1016/j.physletb.2009.10.055",
	year           = "2009",
	eprint         = "0905.0069",
	archivePrefix  = "arXiv",
	primaryClass   = "hep-lat",
	reportNumber   = "HISKP-TH-09-17, FZJ-IKP-TH-2009-15",
	SLACcitation   = "%%CITATION = ARXIV:0905.0069;%%",
}

@article{Berengut:2013nh,
	author         = "Berengut, J.C. and Epelbaum, E. and Flambaum, V.V. and
	Hanhart, C. and Mei\ss{}ner, U.-G. and others",
	title          = "{Varying the light quark mass: impact on the nuclear
	force and Big Bang nucleosynthesis}",
	year           = "2013",
	eprint         = "1301.1738",
	archivePrefix  = "arXiv",
	primaryClass   = "nucl-th",
	SLACcitation   = "%%CITATION = ARXIV:1301.1738;%%",
}

@article{Li:2003jn,
	author         = "Li, Xin and Liu, Chuan",
	title          = "{Two particle states in an asymmetric box}",
	journal        = "Phys.Lett.",
	volume         = "B587",
	pages          = "100-104",
	doi            = "10.1016/j.physletb.2004.02.068",
	year           = "2004",
	eprint         = "hep-lat/0311035",
	archivePrefix  = "arXiv",
	primaryClass   = "hep-lat",
	SLACcitation   = "%%CITATION = HEP-LAT/0311035;%%",
}

@article{Shi:2011mr,
	author         = "Shi, Zhifeng and Detmold, William",
	title          = "{Investigations of QCD at non-zero isospin density}",
	journal        = "PoS",
	volume         = "LATTICE2011",
	pages          = "328",
	year           = "2011",
	eprint         = "1111.1656",
	archivePrefix  = "arXiv",
	primaryClass   = "hep-lat",
	reportNumber   = "JLAB-THY-11-1460",
	SLACcitation   = "%%CITATION = ARXIV:1111.1656;%%",
}

@article{Beane:2013br,
	author         = "Beane, S.R. and Chang, E. and Cohen, S.D. and Detmold, W.
	and Junnarkar, P. and others",
	title          = "{Nucleon-Nucleon Scattering Parameters in the Limit of
	SU(3) Flavor Symmetry}",
	year           = "2013",
	eprint         = "1301.5790",
	archivePrefix  = "arXiv",
	primaryClass   = "hep-lat",
	reportNumber   = "MIT-CTP-4434, ICCUB-13-040, JLAB-THY-13-1689,
	NT@UW-13-05, NT-LBNL-13-004, UCB-NPAT-13-004, UNH-13-2",
	SLACcitation   = "%%CITATION = ARXIV:1301.5790;%%",
}

@article{Detmold:2008bw,
	author         = "Detmold, William and Savage, Martin J.",
	title          = "{Color Screening by Pions}",
	journal        = "Phys.Rev.Lett.",
	volume         = "102",
	pages          = "032004",
	doi            = "10.1103/PhysRevLett.102.032004",
	year           = "2009",
	eprint         = "0809.0892",
	archivePrefix  = "arXiv",
	primaryClass   = "hep-lat",
	reportNumber   = "NT-UW-08-17, ATHENA-PUB-08-01",
	SLACcitation   = "%%CITATION = ARXIV:0809.0892;%%",
}

@article{Torok:2009dg,
	author         = "Torok, Aaron and Beane, Silas R. and Detmold, William and
	Luu, Thomas C. and Orginos, Kostas and others",
	title          = "{Meson-Baryon Scattering Lengths from Mixed-Action
	Lattice QCD}",
	journal        = "Phys.Rev.",
	volume         = "D81",
	pages          = "074506",
	doi            = "10.1103/PhysRevD.81.074506",
	year           = "2010",
	eprint         = "0907.1913",
	archivePrefix  = "arXiv",
	primaryClass   = "hep-lat",
	reportNumber   = "UNH-09-03, JLAB-THY-09-1021, ICCUB-09-217,
	ATHENA-PUB-09-017, NT-UW-09-16",
	SLACcitation   = "%%CITATION = ARXIV:0907.1913;%%",
}

@article{Detmold:2008fn,
	author         = "Detmold, William and Savage, Martin J. and Torok, Aaron
	and Beane, Silas R. and Luu, Thomas C. and others",
	title          = "{Multi-Pion States in Lattice QCD and the Charged-Pion
	Condensate}",
	journal        = "Phys.Rev.",
	volume         = "D78",
	pages          = "014507",
	doi            = "10.1103/PhysRevD.78.014507",
	year           = "2008",
	eprint         = "0803.2728",
	archivePrefix  = "arXiv",
	primaryClass   = "hep-lat",
	reportNumber   = "NT@UW-08-06, LLNL-JRNL-402365, UNH-08-01,
	JLAB-THY-08-803",
	SLACcitation   = "%%CITATION = ARXIV:0803.2728;%%",
}

@article{Detmold:2011kw,
	author         = "Detmold, William and Smigielski, Brian",
	title          = "{Lattice QCD study of mixed systems of pions and kaons}",
	journal        = "Phys.Rev.",
	volume         = "D84",
	pages          = "014508",
	doi            = "10.1103/PhysRevD.84.014508",
	year           = "2011",
	eprint         = "1103.4362",
	archivePrefix  = "arXiv",
	primaryClass   = "hep-lat",
	reportNumber   = "JLAB-THY-11-1332",
	SLACcitation   = "%%CITATION = ARXIV:1103.4362;%%",
}

@article{Detmold:2012pi,
	author         = "Detmold, William and Meinel, Stefan and Shi, Zhifeng",
	title          = "{Quarkonium at non-zero isospin density}",
	journal        = "Phys.Rev.",
	volume         = "D87",
	pages          = "094504",
	doi            = "10.1103/PhysRevD.87.094504",
	year           = "2013",
	eprint         = "1211.3156",
	archivePrefix  = "arXiv",
	primaryClass   = "hep-lat",
	reportNumber   = "MIT-CTP-4417, JLAB-THY-13-1722",
	SLACcitation   = "%%CITATION = ARXIV:1211.3156;%%",
}
@article{McCutchan:2009th,
	author         = "McCutchan, E.A. and Lister, C.J. and Wiringa, R.B. and
	Pieper, Steven C. and Seweryniak, D. and others",
	title          = "{Precise electromagnetic tests of ab-initio calculations
	of light nuclei: States in Be-10}",
	journal        = "Phys.Rev.Lett.",
	volume         = "103",
	pages          = "192501",
	doi            = "10.1103/PhysRevLett.103.192501",
	year           = "2009",
	eprint         = "0907.3688",
	archivePrefix  = "arXiv",
	primaryClass   = "nucl-ex",
	SLACcitation   = "%%CITATION = ARXIV:0907.3688;%%",
}

@misc{AOKI_TAIWAN,
	author = "Aoki, Sinya", 
	note= {lectures at {\it 13$^{th}$ Taiwan Nuclear Physics Summer School}, Hsinchu, Taiwan, {\tt http://phys.cts.ntu.edu.tw/nuclear/2009/Aoki3.pdf}},
	year= 2009
}

@misc{IshiiCD,
	author = "Ishii, Noryioshi",
	note = {presentation at {\it Chiral Dynamics 2012}, {\tt http://www.jlab.org/conferences/CD12/thursday/Ishii.pdf}},
	year = 2012
}

@article{Inoue:2010hs,
	author         = "Inoue, Takashi and others",
	title          = "{Baryon-Baryon Interactions in the Flavor SU(3) Limit
	from Full QCD Simulations on the Lattice}",
	collaboration  = "HAL QCD collaboration",
	journal        = "Prog.Theor.Phys.",
	volume         = "124",
	pages          = "591-603",
	doi            = "10.1143/PTP.124.591",
	year           = "2010",
	eprint         = "1007.3559",
	archivePrefix  = "arXiv",
	primaryClass   = "hep-lat",
	reportNumber   = "UTHEP-610",
	SLACcitation   = "%%CITATION = ARXIV:1007.3559;%%",
}

@article{Kaplan:1987sc,
	author         = "Kaplan, D.B. and Nelson, A.E.",
	title          = "{KAON CONDENSATION IN DENSE MATTER}",
	journal        = "Nucl.Phys.",
	volume         = "A479",
	pages          = "273",
	doi            = "10.1016/0375-9474(88)90442-3",
	year           = "1988",
	reportNumber   = "ITP-834-STANFORD, HUTP-87-A057, C87-06-01.3",
	SLACcitation   = "%%CITATION = NUPHA,A479,273;%%",
}

@article{Bar:2003mh,
	author         = "Bar, Oliver and Rupak, Gautam and Shoresh, Noam",
	title          = "{Chiral perturbation theory at O(a**2) for lattice QCD}",
	journal        = "Phys.Rev.",
	volume         = "D70",
	pages          = "034508",
	doi            = "10.1103/PhysRevD.70.034508",
	year           = "2004",
	eprint         = "hep-lat/0306021",
	archivePrefix  = "arXiv",
	primaryClass   = "hep-lat",
	reportNumber   = "UTHEP-469, LBNL-52989, BUHEP-03-13",
	SLACcitation   = "%%CITATION = HEP-LAT/0306021;%%",
}


@article{Rupak:2002sm,
	author         = "Rupak, Gautam and Shoresh, Noam",
	title          = "{Chiral perturbation theory for the Wilson lattice
	action}",
	journal        = "Phys.Rev.",
	volume         = "D66",
	pages          = "054503",
	doi            = "10.1103/PhysRevD.66.054503",
	year           = "2002",
	eprint         = "hep-lat/0201019",
	archivePrefix  = "arXiv",
	primaryClass   = "hep-lat",
	reportNumber   = "TRI-PP-01-38, BUHEP-02-04",
	SLACcitation   = "%%CITATION = HEP-LAT/0201019;%%",
}

@article{Maiani:1990ca,
	author         = "Maiani, L. and Testa, M.",
	title          = "{Final state interactions from Euclidean correlation
	functions}",
	journal        = "Phys.Lett.",
	volume         = "B245",
	pages          = "585-590",
	doi            = "10.1016/0370-2693(90)90695-3",
	year           = "1990",
	SLACcitation   = "%%CITATION = PHLTA,B245,585;%%",
} 

@article{Tiburzi:2011vk,
	author         = "Tiburzi, B.C.",
	title          = "{Lattice QCD with Classical and Quantum Electrodynamics}",
	journal        = "PoS",
	volume         = "LATTICE2011",
	pages          = "020",
	year           = "2011",
	eprint         = "1110.6842",
	archivePrefix  = "arXiv",
	primaryClass   = "hep-lat",
	reportNumber   = "MIT-CTP-4314, RBRC-926",
	SLACcitation   = "%%CITATION = ARXIV:1110.6842;%%",
}

@article{Yamazaki:2012hi,
	author         = "Yamazaki, Takeshi and Ishikawa, Ken-ichi and Kuramashi,
	Yoshinobu and Ukawa, Akira",
	title          = "{Helium nuclei, deuteron and dineutron in 2+1 flavor
	lattice QCD}",
	journal        = "Phys.Rev.",
	volume         = "D86",
	pages          = "074514",
	doi            = "10.1103/PhysRevD.86.074514",
	year           = "2012",
	%      eprint         = "1207.4277",
	%      archivePrefix  = "arXiv",
	%      primaryClass   = "hep-lat",
	reportNumber   = "UTCCS-P-67, UTHEP-642",
	SLACcitation   = "%%CITATION = ARXIV:1207.4277;%%",
}

@article{Yamazaki:2009ua,
	author         = "Yamazaki, T. and Kuramashi, Y. and Ukawa, A.",
	title          = "{Helium Nuclei in Quenched Lattice QCD}",
	journal        = "Phys.Rev.",
	volume         = "D81",
	pages          = "111504",
	doi            = "10.1103/PhysRevD.81.111504",
	year           = "2010",
	eprint         = "0912.1383",
	archivePrefix  = "arXiv",
	primaryClass   = "hep-lat",
	reportNumber   = "UTCCS-P-57, UTHEP-601",
	SLACcitation   = "%%CITATION = ARXIV:0912.1383;%%",
}

@article{Golterman:2009kw,
	author         = "Golterman, Maarten",
	title          = "{Applications of chiral perturbation theory to lattice
	QCD}",
	pages          = "423-515",
	year           = "2009",
	eprint         = "0912.4042",
	archivePrefix  = "arXiv",
	primaryClass   = "hep-lat",
	SLACcitation   = "%%CITATION = ARXIV:0912.4042;%%",
}

@article{Detmold:2011np,
	author         = "Detmold, William and Lin, Huey-Wen",
	title          = "{Medium Effects in Parton Distributions}",
	journal        = "PoS",
	volume         = "LATTICE2011",
	pages          = "149",
	year           = "2011",
	eprint         = "1112.5682",
	archivePrefix  = "arXiv",
	primaryClass   = "hep-lat",
	reportNumber   = "NT-UW-11-32",
	SLACcitation   = "%%CITATION = ARXIV:1112.5682;%%",
}

@article{Beane:2009kya,
	author         = "Beane, Silas R. and Detmold, William and Luu, Thomas C.
	and Orginos, Kostas and Parre\~no, Assumpta and others",
	title          = "{High Statistics Analysis using Anisotropic Clover
	Lattices: (I) Single Hadron Correlation Functions}",
	journal        = "Phys.Rev.",
	volume         = "D79",
	pages          = "114502",
	doi            = "10.1103/PhysRevD.79.114502",
	year           = "2009",
	eprint         = "0903.2990",
	archivePrefix  = "arXiv",
	primaryClass   = "hep-lat",
	reportNumber   = "UNH-09-01, JLAB-THY-09-960, NT@UW-09-08, ICCUB-09-18,
	ATHENA-PUB-09-012",
	SLACcitation   = "%%CITATION = ARXIV:0903.2990;%%",
}


@article{Doi:2012xd,
	author         = "Doi, Takumi and Endres, Michael G.",
	title          = "{Unified contraction algorithm for multi-baryon
	correlators on the lattice}",
	journal        = "Comput. Phys. Commun.",
	volume         = "184",
	pages          = "117",
	year           = "2013",
	eprint         = "1205.0585",
	archivePrefix  = "arXiv",
	primaryClass   = "hep-lat",
	reportNumber   = "RIKEN-QHP-18",
	SLACcitation   = "%%CITATION = ARXIV:1205.0585;%%",
}

@article{Fu:2012tj,
	author         = "Fu, Ziwen and Fu, Kan",
	title          = "{Lattice QCD study on $K^\ast(892)$ meson decay width}",
	journal        = "Phys.Rev.",
	volume         = "D86",
	pages          = "094507",
	doi            = "10.1103/PhysRevD.86.094507",
	year           = "2012",
	eprint         = "1209.0350",
	archivePrefix  = "arXiv",
	primaryClass   = "hep-lat",
	SLACcitation   = "%%CITATION = ARXIV:1209.0350;%%",
}

@article{Xie:2012np,
	author         = "Xie, Ju-Jun and Oset, E.",
	title          = "{The $DN$, $\pi \Sigma_c$ interaction in finite volume
	and the $\Lambda_c(2595)$ resonance}",
	journal        = "Eur.Phys.J.",
	volume         = "A48",
	pages          = "146",
	doi            = "10.1140/epja/i2012-12146-x",
	year           = "2012",
	eprint         = "1201.0149",
	archivePrefix  = "arXiv",
	primaryClass   = "hep-ph",
	SLACcitation   = "%%CITATION = ARXIV:1201.0149;%%",
}




@Article{Gattringer:2010zz,
	author    = "Gattringer, Christof and Lang, Christian B.",
	title     = "{Quantum chromodynamics on the lattice}",
	journal   = "Lect. Notes Phys.",
	volume    = "788",
	year      = "2010",
	pages     = "1-211",
	doi       = "10.1007/978-3-642-01850-3",
	SLACcitation  = "%%CITATION = LNPHA,788,1;%%"
}

@Article{Durr:2008zz,
	author    = "S. D{\"u}rr and others",
	title     = "{Ab-Initio Determination of Light Hadron Masses}",
	journal   = "Science",
	volume    = "322",
	year      = "2008",
	pages     = "1224-1227",
	eprint    = "0906.3599",
	archivePrefix = "arXiv",
	primaryClass  =  "hep-lat",
	doi       = "10.1126/science.1163233",
	SLACcitation  = "%%CITATION = 0906.3599;%%"
}

@Article{Kronfeld:2012ym,
	author    = "Kronfeld, Andreas S.",
	title     = "{Lattice Gauge Theory and the Origin of Mass}",
	year      = "2012",
	eprint    = "1209.3468",
	archivePrefix = "arXiv",
	primaryClass  =  "physics.hist-ph",
	SLACcitation  = "%%CITATION = 1209.3468;%%"
}

@Article{Fodor:2012gf,
	author    = "Fodor, Zoltan and Hoelbling, Christian",
	title     = "{Light Hadron Masses from Lattice QCD}",
	journal   = "Rev. Mod. Phys.",
	volume    = "84",
	year      = "2012",
	pages     = "449",
	eprint    = "1203.4789",
	archivePrefix = "arXiv",
	primaryClass  =  "hep-lat",
	doi       = "10.1103/RevModPhys.84.449",
	SLACcitation  = "%%CITATION = 1203.4789;%%"
}

@Article{Luscher:1986pf,
	author    = "{M. L\"u{}scher}",
	title     = "{Volume Dependence of the Energy Spectrum in Massive
	Quantum Field Theories. 2. Scattering States}",
	journal   = "Commun. Math. Phys.",
	volume    = "105",
	year      = "1986",
	pages     = "153-188",
	doi       = "10.1007/BF01211097",
	SLACcitation  = "%%CITATION = CMPHA,105,153;%%"
}

@Article{Luscher:1990ux,
	author    = "{M. L\"u{}scher}",
	title     = "{Two particle states on a torus and their relation to the
	scattering matrix}",
	journal   = "Nucl. Phys.",
	volume    = "B354",
	year      = "1991",
	pages     = "531-578",
	doi       = "10.1016/0550-3213(91)90366-6",
	SLACcitation  = "%%CITATION = NUPHA,B354,531;%%"
}

@Article{Rummukainen:1995vs,
	author    = "Rummukainen, K. and Gottlieb, Steven A.",
	title     = "{Resonance scattering phase shifts on a nonrest frame
	lattice}",
	journal   = "Nucl. Phys.",
	volume    = "B450",
	year      = "1995",
	pages     = "397-436",
	eprint    = "hep-lat/9503028",
	archivePrefix = "arXiv",
	doi       = "10.1016/0550-3213(95)00313-H",
	SLACcitation  = "%%CITATION = HEP-LAT/9503028;%%"
}



@Article{Kim:2005gf,
	author    = "Kim, C. h. and Sachrajda, C. T. and Sharpe, Stephen R.",
	title     = "{Finite-volume effects for two-hadron states in moving
	frames}",
	journal   = "Nucl. Phys.",
	volume    = "B727",
	year      = "2005",
	pages     = "218-243",
	eprint    = "hep-lat/0507006",
	archivePrefix = "arXiv",
	doi       = "10.1016/j.nuclphysb.2005.08.029",
	SLACcitation  = "%%CITATION = HEP-LAT/0507006;%%"
}

@Article{Christ:2005gi,
	author    = "Christ, Norman H. and Kim, Changhoan and Yamazaki, Takeshi
	",
	title     = "{Finite volume corrections to the two-particle decay of
	states with  non-zero momentum}",
	journal   = "Phys. Rev.",
	volume    = "D72",
	year      = "2005",
	pages     = "114506",
	eprint    = "hep-lat/0507009",
	archivePrefix = "arXiv",
	doi       = "10.1103/PhysRevD.72.114506",
	SLACcitation  = "%%CITATION = HEP-LAT/0507009;%%"
}

@Article{Feng:2011ah,
	author    = "Feng, Xu and Jansen, Karl and Renner, Dru B.",
	title     = "{A new moving frame to extract scattering phases in lattice
	QCD}",
	journal   = "PoS",
	volume    = "LAT2010",
	year      = "2010",
	pages     = "104",
	eprint    = "1104.0058",
	archivePrefix = "arXiv",
	primaryClass  =  "hep-lat",
	SLACcitation  = "%%CITATION = 1104.0058;%%"
}

@Article{Gockeler:2012yj,
	author    = "G{\"o}ckeler, M. and others",
	title     = "{Scattering phases for meson and baryon resonances on
	general moving-frame lattices}",
	journal   = "Phys. Rev.",
	volume    = "D86",
	year      = "2012",
	pages     = "094513",
	eprint    = "1206.4141",
	archivePrefix = "arXiv",
	primaryClass  =  "hep-lat",
	doi       = "10.1103/PhysRevD.86.094513",
	SLACcitation  = "%%CITATION = 1206.4141;%%"
}

@Article{Li:2012bi,
	author    = "Li, Ning and Liu, Chuan",
	title     = "{Generalized L\'uscher Formula in Multi-channel Baryon-
	Meson Scattering}",
	journal   = "Phys. Rev.",
	volume    = "D87",
	year      = "2013",
	pages     = "014502",
	eprint    = "1209.2201",
	archivePrefix = "arXiv",
	primaryClass  =  "hep-lat",
	doi       = "10.1103/PhysRevD.87.014502",
	SLACcitation  = "%%CITATION = 1209.2201;%%"
}


@article{Lellouch:2000pv,
	author         = "Lellouch, Laurent and {L\"uscher}, Martin",
	title          = "{Weak transition matrix elements from finite volume
	correlation functions}",
	journal        = "Commun.Math.Phys.",
	volume         = "219",
	pages          = "31-44",
	year           = "2001",
	eprint         = "hep-lat/0003023",
	archivePrefix  = "arXiv",
	primaryClass   = "hep-lat",
	reportNumber   = "CERN-TH-2000-091, CPT-2000-PE-3984, LAPTH-788-00",
	SLACcitation   = "%%CITATION = HEP-LAT/0003023;%%",
}

@Article{Hansen:2012tf,
	author    = "Hansen, Maxwell T. and Sharpe, Stephen R.",
	title     = "{Multiple-channel generalization of Lellouch-Luscher
	formula}",
	journal   = "Phys. Rev.",
	volume    = "D86",
	year      = "2012",
	pages     = "016007",
	eprint    = "1204.0826",
	archivePrefix = "arXiv",
	primaryClass  =  "hep-lat",
	doi       = "10.1103/PhysRevD.86.016007",
	SLACcitation  = "%%CITATION = 1204.0826;%%"
}

@Article{Briceno:2012yi,
	author    = "Briceno, Raul A. and Davoudi, Zohreh",
	title     = "{Moving Multi-Channel Systems in a Finite Volume}",
	year      = "2012",
	eprint    = "1204.1110",
	archivePrefix = "arXiv",
	primaryClass  =  "hep-lat",
	SLACcitation  = "%%CITATION = 1204.1110;%%"
}

@Article{Doring:2012eu,
	author    = "D{\"o}ring, M. and Mei{\ss}ner, U. G. and Oset, E. and Rusetsky,
	A.",
	title     = "{Scalar mesons moving in a finite volume and the role of
	partial wave mixing}",
	journal   = "Eur. Phys. J.",
	volume    = "A48",
	year      = "2012",
	pages     = "114",
	%    eprint    = "1205.4838",
	%    archivePrefix = "arXiv",
	%    primaryClass  =  "hep-lat",
	doi       = "10.1140/epja/i2012-12114-6",
	SLACcitation  = "%%CITATION = 1205.4838;%%"
}

@Article{Fu:2011xz,
	author    = "Fu, Ziwen",
	title     = "{Rummukainen-Gottlieb's formula on two-particle system with
	different mass}",
	journal   = "Phys. Rev.",
	volume    = "D85",
	year      = "2012",
	pages     = "014506",
	eprint    = "1110.0319",
	archivePrefix = "arXiv",
	primaryClass  =  "hep-lat",
	doi       = "10.1103/PhysRevD.85.014506",
	SLACcitation  = "%%CITATION = 1110.0319;%%"
}

@Article{Leskovec:2012gb,
	author    = "Leskovec, Luka and Prelovsek, Sasa",
	title     = "{Scattering phase shifts for two particles of different
	mass and non-zero total momentum in lattice QCD}",
	journal   = "Phys. Rev.",
	volume    = "D85",
	year      = "2012",
	pages     = "114507",
	eprint    = "1202.2145",
	archivePrefix = "arXiv",
	primaryClass  =  "hep-lat",
	doi       = "10.1103/PhysRevD.85.114507",
	SLACcitation  = "%%CITATION = 1202.2145;%%"
}

@Article{Bour:2011ef,
	author    = "Bour, Shahin and Koenig, Sebastian and Lee, Dean and
	Hammer, H. -W. and Mei{\ss}ner, Ulf-G.",
	title     = "{Topological phases for bound states moving in a finite
	volume}",
	journal   = "Phys. Rev.",
	volume    = "D84",
	year      = "2011",
	pages     = "091503",
	%    eprint    = "1107.1272",
	%    archivePrefix = "arXiv",
	%    primaryClass  =  "nucl-th",
	doi       = "10.1103/PhysRevD.84.091503",
	SLACcitation  = "%%CITATION = 1107.1272;%%"
}

@article{Montvay:1987us,
	author         = "Montvay, I. and Weisz, P.",
	title          = "{NUMERICAL STUDY OF FINITE VOLUME EFFECTS IN THE
	FOUR-DIMENSIONAL ISING MODEL}",
	journal        = "Nucl.Phys.",
	volume         = "B290",
	pages          = "327",
	doi            = "10.1016/0550-3213(87)90191-X",
	year           = "1987",
	reportNumber   = "DESY 87/056",
	SLACcitation   = "%%CITATION = NUPHA,B290,327;%%",
}

@article{Hamber:1983vu,
	author         = "Hamber, H.W. and Marinari, E. and Parisi, G. and Rebbi,
	C.",
	title          = "{CONSIDERATIONS ON NUMERICAL ANALYSIS OF QCD}",
	journal        = "Nucl.Phys.",
	volume         = "B225",
	pages          = "475",
	doi            = "10.1016/0550-3213(83)90528-X",
	year           = "1983",
	reportNumber   = "SACLAY-SPH-T-83-054",
	SLACcitation   = "%%CITATION = NUPHA,B225,475;%%",
}

@Article{Davoudi:2011md,
	author    = "Davoudi, Zohreh and Savage, Martin J.",
	title     = "{Improving the Volume Dependence of Two-Body Binding
	Energies Calculated with Lattice QCD}",
	journal   = "Phys. Rev.",
	volume    = "D84",
	year      = "2011",
	pages     = "114502",
	eprint    = "1108.5371",
	archivePrefix = "arXiv",
	primaryClass  =  "hep-lat",
	doi       = "10.1103/PhysRevD.84.114502",
	SLACcitation  = "%%CITATION = 1108.5371;%%"
}

@Article{He:2005ey,
	author    = "He, Song and Feng, Xu and Liu, Chuan",
	title     = "{Two particle states and the S-matrix elements in multi-
	channel  scattering}",
	journal   = "JHEP",
	volume    = "07",
	year      = "2005",
	pages     = "011",
	eprint    = "hep-lat/0504019",
	archivePrefix = "arXiv",
	doi       = "10.1088/1126-6708/2005/07/011",
	SLACcitation  = "%%CITATION = HEP-LAT/0504019;%%"
}

@Article{Luu:2011ep,
	author    = "Luu, Thomas and Savage, Martin J.",
	title     = "{Extracting Scattering Phase-Shifts in Higher Partial-Waves
	from Lattice QCD Calculations}",
	journal   = "Phys. Rev.",
	volume    = "D83",
	year      = "2011",
	pages     = "114508",
	eprint    = "1101.3347",
	archivePrefix = "arXiv",
	primaryClass  =  "hep-lat",
	doi       = "10.1103/PhysRevD.83.114508",
	SLACcitation  = "%%CITATION = 1101.3347;%%"
}

@article{Bedaque:2004kc,
	author         = "Bedaque, Paulo F.",
	title          = "{Aharonov-Bohm effect and nucleon nucleon phase shifts on
	the lattice}",
	journal        = "Phys.Lett.",
	volume         = "B593",
	pages          = "82-88",
	doi            = "10.1016/j.physletb.2004.04.045",
	year           = "2004",
	eprint         = "nucl-th/0402051",
	archivePrefix  = "arXiv",
	primaryClass   = "nucl-th",
	reportNumber   = "LBNL-54557",
	SLACcitation   = "%%CITATION = NUCL-TH/0402051;%%",
}

@Article{Beane:2003da,
	author    = "Beane, S. R. and Bedaque, P. F. and Parre\~no, A. and Savage,
	M. J.",
	title     = "{Two Nucleons on a Lattice}",
	journal   = "Phys. Lett.",
	volume    = "B585",
	year      = "2004",
	pages     = "106-114",
	%    eprint    = "hep-lat/0312004",
	%    archivePrefix = "arXiv",
	doi       = "10.1016/j.physletb.2004.02.007",
	SLACcitation  = "%%CITATION = HEP-LAT/0312004;%%"
}

@Article{Hall:2012wz,
	author    = "Hall, J. M. M. and others",
	title     = "{Baryon resonances and hadronic interactions in a finite
	volume}",
	journal   = "PoS",
	volume    = "LATTICE2012",
	year      = "2012",
	pages     = "145",
	%    eprint    = "1207.3562",
	%    archivePrefix = "arXiv",
	%    primaryClass  =  "hep-lat",
	SLACcitation  = "%%CITATION = 1207.3562;%%"
}

@Article{Berkowitz:2012xq,
	author    = "Berkowitz, Evan and Cohen, Thomas D. and Jefferson, Patrick
	",
	title     = "{Multi-channel S-matrices from energy levels in finite
	boxes}",
	year      = "2012",
	eprint    = "1211.2261",
	archivePrefix = "arXiv",
	primaryClass  =  "hep-lat",
	SLACcitation  = "%%CITATION = 1211.2261;%%"
}

@article{Oset:2012bf,
	author         = "Oset, E.",
	title          = "{On ambiguities of sign determination of the S-matrix
	from energy levels in a finite box}",
	journal        = "Eur.Phys.J.",
	volume         = "A49",
	pages          = "32",
	doi            = "10.1140/epja/i2013-13032-9",
	year           = "2013",
	eprint         = "1211.3985",
	archivePrefix  = "arXiv",
	primaryClass   = "hep-lat",
	SLACcitation   = "%%CITATION = ARXIV:1211.3985;%%",
}

@Article{Montvay:2012zz,
	author    = "Montvay, I. and Urbach, C.",
	title     = "{Exploratory investigation of nucleon-nucleon interactions
	using Euclidean Monte Carlo simulations}",
	journal   = "Eur. Phys. J.",
	volume    = "A48",
	year      = "2012",
	pages     = "38",
	eprint    = "1105.5009",
	archivePrefix = "arXiv",
	primaryClass  =  "nucl-th",
	doi       = "10.1140/epja/i2012-12038-1",
	SLACcitation  = "%%CITATION = 1105.5009;%%"
}

@article{Luu:2008fg,
	author         = "Luu, Thomas",
	title          = "{Three fermions in a box}",
	journal        = "PoS",
	volume         = "LATTICE2008",
	pages          = "246",
	year           = "2008",
	eprint         = "0810.2331",
	archivePrefix  = "arXiv",
	primaryClass   = "hep-lat",
	reportNumber   = "LLNL-PROC-407504",
	SLACcitation   = "%%CITATION = ARXIV:0810.2331;%%",
}

@Article{Luu:2010hw,
	author    = "Luu, Thomas and Savage, Martin J. and Schwenk, Achim and
	Vary, James P.",
	title     = "{Nucleon-Nucleon Scattering in a Harmonic Potential}",
	journal   = "Phys. Rev.",
	volume    = "C82",
	year      = "2010",
	pages     = "034003",
	eprint    = "1006.0427",
	archivePrefix = "arXiv",
	primaryClass  =  "nucl-th",
	doi       = "10.1103/PhysRevC.82.034003",
	SLACcitation  = "%%CITATION = 1006.0427;%%"
}

@Article{Beane:2007qr,
	author    = "Beane, Silas R. and Detmold, William and Savage, Martin J.
	",
	title     = "{n-Boson Energies at Finite Volume and Three-Boson
	Interactions}",
	journal   = "Phys. Rev.",
	volume    = "D76",
	year      = "2007",
	pages     = "074507",
	eprint    = "0707.1670",
	archivePrefix = "arXiv",
	primaryClass  =  "hep-lat",
	doi       = "10.1103/PhysRevD.76.074507",
	SLACcitation  = "%%CITATION = 0707.1670;%%"
}

@Article{Detmold:2008gh,
	author    = "Detmold, William and Savage, Martin J.",
	title     = "{The Energy of n Identical Bosons in a Finite Volume at
	${\cal O}(L^{-7})$}",
	journal   = "Phys. Rev.",
	volume    = "D77",
	year      = "2008",
	pages     = "057502",
	eprint    = "0801.0763",
	archivePrefix = "arXiv",
	primaryClass  =  "hep-lat",
	doi       = "10.1103/PhysRevD.77.057502",
	SLACcitation  = "%%CITATION = 0801.0763;%%"
}

@Article{Kreuzer:2010ti,
	author    = "Kreuzer, Simon and Hammer, H. -W.",
	title     = "{The triton in a finite volume}",
	journal   = "Phys. Lett.",
	volume    = "B694",
	year      = "2011",
	pages     = "424-429",
	eprint    = "1008.4499",
	archivePrefix = "arXiv",
	primaryClass  =  "hep-lat",
	doi       = "10.1016/j.physletb.2010.10.003",
	SLACcitation  = "%%CITATION = 1008.4499;%%"
}

@Article{Kreuzer:2012sr,
	author    = {Kreuzer, Simon and Grie\ss{}hammer, Harald W.},
	title     = "{Three particles in a finite volume: The breakdown of
	spherical symmetry}",
	journal   = "Eur. Phys. J.",
	volume    = "A48",
	year      = "2012",
	pages     = "93",
	eprint    = "1205.0277",
	archivePrefix = "arXiv",
	primaryClass  =  "nucl-th",
	doi       = "10.1140/epja/i2012-12093-6",
	SLACcitation  = "%%CITATION = 1205.0277;%%"
}

@Article{Guo:2012hv,
	author    = "Guo, Peng and Dudek, Jozef and Edwards, Robert and
	Szczepaniak, Adam P.",
	title     = "{The coupled-channel and three-particle system on a
	torus}",
	year      = "2012",
	eprint    = "1211.0929",
	archivePrefix = "arXiv",
	primaryClass  =  "hep-lat",
	SLACcitation  = "%%CITATION = 1211.0929;%%"
}

@article{Briceno:2012rv,
	author         = "Briceno, Raul A. and Davoudi, Zohreh",
	title          = "{Three-particle scattering amplitudes from a finite
	volume formalism}",
	journal        = "Phys.Rev.",
	volume         = "D87",
	pages          = "094507",
	doi            = "10.1103/PhysRevD.87.094507",
	year           = "2013",
	eprint         = "1212.3398",
	archivePrefix  = "arXiv",
	primaryClass   = "hep-lat",
	reportNumber   = "NT@UW-12-18",
	SLACcitation   = "%%CITATION = ARXIV:1212.3398;%%",
}
@Article{Polejaeva:2012ut,
	author    = "Polejaeva, K. and Rusetsky, A.",
	title     = "{Three particles in a finite volume}",
	journal   = "Eur. Phys. J.",
	volume    = "A48",
	year      = "2012",
	pages     = "67",
	eprint    = "1203.1241",
	archivePrefix = "arXiv",
	primaryClass  =  "hep-lat",
	doi       = "10.1140/epja/i2012-12067-8",
	SLACcitation  = "%%CITATION = 1203.1241;%%"
}

@Article{Dudek:2012xn,
	author    = "Dudek, Jozef J. and Edwards, Robert G. and Thomas,
	Christopher E.",
	title     = "{Energy dependence of the {$\rho$} resonance in ${\pi}{\pi}$
	elastic scattering from lattice QCD}",
	year      = "2012",
	eprint    = "1212.0830",
	archivePrefix = "arXiv",
	primaryClass  =  "hep-ph",
	SLACcitation  = "%%CITATION = 1212.0830;%%"
}

@Article{Dudek:2010ew,
	author    = "Dudek, Jozef J. and others",
	title     = "{The phase-shift of isospin-2 pi-pi scattering from lattice
	QCD}",
	journal   = "Phys. Rev.",
	volume    = "D83",
	year      = "2011",
	pages     = "071504",
	%    eprint    = "1011.6352",
	%    archivePrefix = "arXiv",
	%    primaryClass  =  "hep-ph",
	doi       = "10.1103/PhysRevD.83.071504",
	SLACcitation  = "%%CITATION = 1011.6352;%%"
}

@Article{Beane:2011sc,
	author    = "Beane, S. R. and others",
	title     = "{The I=2 pipi S-wave Scattering Phase Shift from Lattice
	QCD}",
	journal   = "Phys. Rev.",
	volume    = "D85",
	year      = "2012",
	pages     = "034505",
	eprint    = "1107.5023",
	archivePrefix = "arXiv",
	primaryClass  =  "hep-lat",
	doi       = "10.1103/PhysRevD.85.034505",
	SLACcitation  = "%%CITATION = 1107.5023;%%"
}

@Article{Fu:2011bz,
	author    = "Fu, Ziwen",
	title     = "{Lattice QCD calculation of $\pi\pi$ scattering length}",
	journal   = "Commun. Theor. Phys.",
	volume    = "57",
	year      = "2012",
	pages     = "78-84",
	eprint    = "1110.3918",
	archivePrefix = "arXiv",
	primaryClass  =  "hep-lat",
	doi       = "10.1088/0253-6102/57/1/13",
	SLACcitation  = "%%CITATION = 1110.3918;%%"
}

@Article{Detmold:2011kw,
	author    = "Detmold, William and Smigielski, Brian",
	title     = "{Lattice QCD study of mixed systems of pions and kaons}",
	journal   = "Phys. Rev.",
	volume    = "D84",
	year      = "2011",
	pages     = "014508",
	eprint    = "1103.4362",
	archivePrefix = "arXiv",
	primaryClass  =  "hep-lat",
	doi       = "10.1103/PhysRevD.84.014508",
	SLACcitation  = "%%CITATION = 1103.4362;%%"
}

@Article{Detmold:2012wc,
	author    = "Detmold, William and Orginos, Kostas and Shi, Zhifeng",
	title     = "{Lattice QCD at non-zero isospin chemical potential}",
	journal   = "Phys. Rev.",
	volume    = "D86",
	year      = "2012",
	pages     = "054507",
	eprint    = "1205.4224",
	archivePrefix = "arXiv",
	primaryClass  =  "hep-lat",
	doi       = "10.1103/PhysRevD.86.054507",
	SLACcitation  = "%%CITATION = 1205.4224;%%"
}

@Article{Yagi:2011jn,
	author    = "Yagi, Takuya and Hashimoto, Shoji and Morimatsu, Osamu and
	Ohtani, Munehisa",
	title     = "{I=2 $\pi$-$\pi$ scattering length with dynamical overlap
	fermion}",
	year      = "2011",
	eprint    = "1108.2970",
	archivePrefix = "arXiv",
	primaryClass  =  "hep-lat",
	SLACcitation  = "%%CITATION = 1108.2970;%%"
}

@Article{Dudek:2012gj,
	author    = "Dudek, Jozef J. and Edwards, Robert G. and Thomas,
	Christopher E.",
	title     = "{S and D-wave phase shifts in isospin-2 pi pi scattering
	from lattice QCD}",
	journal   = "Phys. Rev.",
	volume    = "D86",
	year      = "2012",
	pages     = "034031",
	eprint    = "1203.6041",
	archivePrefix = "arXiv",
	primaryClass  =  "hep-ph",
	doi       = "10.1103/PhysRevD.86.034031",
	SLACcitation  = "%%CITATION = 1203.6041;%%"
}

@Article{Liu:2009uw,
	author    = "Liu, Qi",
	title     = "{Two pion scattering, I=0 and disconnected diagrams in
	Lattice QCD}",
	journal   = "PoS",
	volume    = "LAT2009",
	year      = "2009",
	pages     = "101",
	eprint    = "0910.2658",
	archivePrefix = "arXiv",
	primaryClass  =  "hep-lat",
	SLACcitation  = "%%CITATION = 0910.2658;%%"
}

@Article{Blum:2011pu,
	author    = "Blum, T. and others",
	title     = "{$K$ to $\pi\pi$ Decay amplitudes from Lattice QCD}",
	journal   = "Phys. Rev.",
	volume    = "D84",
	year      = "2011",
	pages     = "114503",
	eprint    = "1106.2714",
	archivePrefix = "arXiv",
	primaryClass  =  "hep-lat",
	doi       = "10.1103/PhysRevD.84.114503",
	SLACcitation  = "%%CITATION = 1106.2714;%%"
}

@article{Beringer:1900zz,
	author         = "Beringer, J. and others",
	title          = "{Review of Particle Physics (RPP)}",
	collaboration  = "Particle Data Group",
	journal        = "Phys.Rev.",
	volume         = "D86",
	pages          = "010001",
	doi            = "10.1103/PhysRevD.86.010001",
	year           = "2012",
	SLACcitation   = "%%CITATION = PHRVA,D86,010001;%%",
}

@article{Elizalde:1997jv,
	author         = "Elizalde, E.",
	title          = "{Multidimensional extension of the generalized
	Chowla-Selberg formula}",
	journal        = "Commun.Math.Phys.",
	volume         = "198",
	pages          = "83-95",
	doi            = "10.1007/s002200050472",
	year           = "1998",
	eprint         = "hep-th/9707257",
	archivePrefix  = "arXiv",
	primaryClass   = "hep-th",
	reportNumber   = "IEEC-97-71",
	SLACcitation   = "%%CITATION = HEP-TH/9707257;%%",
}

@Article{Mohler:2012nh,
	author    = "Mohler, Daniel",
	title     = "{Review of lattice studies of resonances}",
	journal   = "PoS",
	volume    = "LATTICE2012",
	year      = "2012",
	pages     = "003",
	eprint    = "1211.6163",
	archivePrefix = "arXiv",
	primaryClass  =  "hep-lat",
	SLACcitation  = "%%CITATION = 1211.6163;%%"
}

@Article{Frison:2010ws,
	author    = "Frison, J. and others",
	title     = "{Rho decay width from the lattice}",
	journal   = "PoS",
	volume    = "LATTICE2010",
	year      = "2010",
	pages     = "139",
	eprint    = "1011.3413",
	archivePrefix = "arXiv",
	primaryClass  =  "hep-lat",
	SLACcitation  = "%%CITATION = 1011.3413;%%"
}

@Article{Feng:2010es,
	author    = "Feng, Xu and Jansen, Karl and Renner, Dru B.",
	title     = "{Resonance Parameters of the rho-Meson from Lattice QCD}",
	journal   = "Phys. Rev.",
	volume    = "D83",
	year      = "2011",
	pages     = "094505",
	eprint    = "1011.5288",
	archivePrefix = "arXiv",
	primaryClass  =  "hep-lat",
	doi       = "10.1103/PhysRevD.83.094505",
	SLACcitation  = "%%CITATION = 1011.5288;%%"
}

@Article{Lang:2011mn,
	author    = "Lang, C. B. and Mohler, Daniel and Prelovsek, Sasa and
	Vidmar, Matija",
	title     = "{Coupled channel analysis of the rho meson decay in lattice
	QCD}",
	journal   = "Phys. Rev.",
	volume    = "D84",
	year      = "2011",
	pages     = "054503",
	%    eprint    = "1105.5636",
	%    archivePrefix = "arXiv",
	%    primaryClass  =  "hep-lat",
	doi       = "10.1103/PhysRevD.84.054503",
	SLACcitation  = "%%CITATION = 1105.5636;%%"
}

@Article{Aoki:2011yj,
	author    = "Aoki, S. and others",
	title     = "{$\rho$ Meson Decay in 2+1 Flavor Lattice QCD}",
	journal   = "Phys. Rev.",
	volume    = "D84",
	year      = "2011",
	pages     = "094505",
	eprint    = "1106.5365",
	archivePrefix = "arXiv",
	primaryClass  =  "hep-lat",
	doi       = "10.1103/PhysRevD.84.094505",
	SLACcitation  = "%%CITATION = 1106.5365;%%"
}

@Article{Pelissier:2012pi,
	author    = "Pelissier, Craig and Alexandru, Andrei",
	title     = "{Resonance parameters of the rho-meson from asymmetrical
	lattices}",
	journal   = "Phys. Rev.",
	volume    = "D87",
	year      = "2013",
	pages     = "014503",
	eprint    = "1211.0092",
	archivePrefix = "arXiv",
	primaryClass  =  "hep-lat",
	doi       = "10.1103/PhysRevD.87.014503",
	SLACcitation  = "%%CITATION = 1211.0092;%%"
}

@Article{Sasaki:2010zz,
	author    = "Sasaki, Kiyoshi and Ishizuka, Naruhito and Yamazaki,
	Takeshi and Oka, Makoto",
	title     = "{S-wave pi K scattering length in 2+1 flavor lattice QCD}",
	journal   = "Prog. Theor. Phys. Suppl.",
	volume    = "186",
	year      = "2010",
	pages     = "187-192",
	doi       = "10.1143/PTPS.186.187",
	SLACcitation  = "%%CITATION = PTPSA,186,187;%%"
}

@Article{Fu:2011wc,
	author    = "Fu, Ziwen",
	title     = "{Lattice study on $\pi K $ scattering with moving wall
	source}",
	journal   = "Phys. Rev.",
	volume    = "D85",
	year      = "2012",
	pages     = "074501",
	eprint    = "1110.1422",
	archivePrefix = "arXiv",
	primaryClass  =  "hep-lat",
	doi       = "10.1103/PhysRevD.85.074501",
	SLACcitation  = "%%CITATION = 1110.1422;%%"
}

@Article{Lang:2012sv,
	author    = "Lang, C. B. and Leskovec, Luka and Mohler, Daniel and
	Prelovsek, Sasa",
	title     = "{K pi scattering for isospin 1/2 and 3/2 in lattice QCD}",
	journal   = "Phys. Rev.",
	volume    = "D86",
	year      = "2012",
	pages     = "054508",
	%    eprint    = "1207.3204",
	%    archivePrefix = "arXiv",
	%    primaryClass  =  "hep-lat",
	doi       = "10.1103/PhysRevD.86.054508",
	SLACcitation  = "%%CITATION = 1207.3204;%%"
}


@article{Mohler:2012na,
	author         = "Mohler, Daniel and Prelovsek, Sasa and Woloshyn, R.M.",
	title          = "{$D \pi$ scattering and $D$ meson resonances from lattice
	QCD}",
	journal        = "Phys.Rev.",
	number         = "3",
	volume         = "D87",
	pages          = "034501",
	doi            = "10.1103/PhysRevD.87.034501",
	year           = "2013",
	eprint         = "1208.4059",
	archivePrefix  = "arXiv",
	primaryClass   = "hep-lat",
	SLACcitation   = "%%CITATION = ARXIV:1208.4059;%%",
}
@Article{Liu:2012zy,
	author    = "Liu, KeXin",
	title     = "{Recent progress in techniques utilized for particle
	accelerator}",
	journal   = "Sci. China Phys. Mech. Astron.",
	volume    = "55",
	year      = "2012",
	pages     = "2326-2330",
	doi       = "10.1007/s11433-012-4944-x",
	SLACcitation  = "%%CITATION = 00765,55,2326;%%"
}

@Article{Meng:2009qt,
	author    = "Meng , Guo-Zhan and others",
	title     = "{Low-energy $D^{*+}D^0_1$ Scattering and the Resonance-like
	Structure $Z^+(4430)$}",
	journal   = "Phys. Rev.",
	volume    = "D80",
	year      = "2009",
	pages     = "034503",
	eprint    = "0905.0752",
	archivePrefix = "arXiv",
	primaryClass  =  "hep-lat",
	doi       = "10.1103/PhysRevD.80.034503",
	SLACcitation  = "%%CITATION = 0905.0752;%%"
}

@article{Luscher:1991cf,
	author         = "{L\"uscher}, M.",
	title          = "{Signatures of unstable particles in finite volume}",
	journal        = "Nucl.Phys.",
	volume         = "B364",
	pages          = "237",
	year           = "1991",
	SLACcitation   = "%%CITATION = NUPHA,B364,237;%%",
}

@article{Wiese:1988qy,
	author         = "Wiese, U.J.",
	title          = "{IDENTIFICATION OF RESONANCE PARAMETERS FROM THE FINITE
	VOLUME ENERGY SPECTRUM}",
	journal        = "Nucl.Phys.Proc.Suppl.",
	volume         = "9",
	pages          = "609-613",
	doi            = "10.1016/0920-5632(89)90171-0",
	year           = "1989",
	reportNumber   = "HLRZ-88-08, C88/09/22",
	SLACcitation   = "%%CITATION = NUPHZ,9,609;%%",
}

@article{Luscher:1990ck,
	author         = "{L\"uscher}, Martin and Wolff, Ulli",
	title          = "{HOW TO CALCULATE THE ELASTIC SCATTERING MATRIX IN
	TWO-DIMENSIONAL QUANTUM FIELD THEORIES BY NUMERICAL
	SIMULATION}",
	journal        = "Nucl.Phys.",
	volume         = "B339",
	pages          = "222-252",
	doi            = "10.1016/0550-3213(90)90540-T",
	year           = "1990",
	reportNumber   = "DESY-90-010",
	SLACcitation   = "%%CITATION = NUPHA,B339,222;%%",
}

@article{Huang:1957im,
	author         = "Huang, Kerson and Yang, C.N.",
	title          = "{Quantum-mechanical many-body problem with hard-sphere
	interaction}",
	journal        = "Phys.Rev.",
	volume         = "105",
	pages          = "767-775",
	doi            = "10.1103/PhysRev.105.767",
	year           = "1957",
	SLACcitation   = "%%CITATION = PHRVA,105,767;%%",
}


@article{Tan:2007bg,
	author         = "Tan, Shina",
	title          = "{Three-boson problem at low energy and implications for
	dilute Bose-Einstein condensates}",
	journal        = "Phys.Rev.",
	volume         = "A78",
	pages          = "013636",
	doi            = "10.1103/PhysRevA.78.013636",
	year           = "2008",
	eprint         = "0709.2530",
	archivePrefix  = "arXiv",
	primaryClass   = "cond-mat.stat-mech",
	SLACcitation   = "%%CITATION = ARXIV:0709.2530;%%",
}


@article{Lee:1957zzb,
	author         = "Lee, T.D. and Huang, Kerson and Yang, C.N.",
	title          = "{Eigenvalues and Eigenfunctions of a Bose System of Hard
	Spheres and Its Low-Temperature Properties}",
	journal        = "Phys.Rev.",
	volume         = "106",
	pages          = "1135-1145",
	doi            = "10.1103/PhysRev.106.1135",
	year           = "1957",
	SLACcitation   = "%%CITATION = PHRVA,106,1135;%%",
}

@article{DeGrand:1990ip,
	author         = "DeGrand, Thomas A.",
	title          = "{Resonance masses from Monte Carlo simulations (with
	emphasis on the rho meson)}",
	journal        = "Phys.Rev.",
	volume         = "D43",
	pages          = "2296-2300",
	doi            = "10.1103/PhysRevD.43.2296",
	year           = "1991",
	reportNumber   = "COLO-HEP-232",
	SLACcitation   = "%%CITATION = PHRVA,D43,2296;%%",
}

@Article{Ozaki:2012ce,
	author    = "Ozaki, Sho and Sasaki, Shoichi",
	title     = "{L\'uscher's finite size method with twisted boundary
	conditions: an application to $J/\psi$-$\phi$ system to
	search for narrow resonance}",
	journal   = "Phys. Rev.",
	volume    = "D87",
	year      = "2013",
	pages     = "014506",
	eprint    = "1211.5512",
	archivePrefix = "arXiv",
	primaryClass  =  "hep-lat",
	doi       = "10.1103/PhysRevD.87.014506",
	SLACcitation  = "%%CITATION = 1211.5512;%%"
}

@Article{Detmold:2012pi,
	author    = "Detmold, William and Meinel, Stefan and Shi, Zhifeng",
	title     = "{Quarkonium at non-zero isospin density}",
	year      = "2012",
	eprint    = "1211.3156",
	archivePrefix = "arXiv",
	primaryClass  =  "hep-lat",
	SLACcitation  = "%%CITATION = 1211.3156;%%"
}

@article{Lang:2012db,
	author         = "Lang, C.B. and Verduci, V.",
	title          = "{Scattering in the pion-nucleon negative parity channel
	in lattice QCD}",
	journal        = "Phys.Rev.",
	volume         = "D87",
	pages          = "054502",
	doi            = "10.1103/PhysRevD.87.054502",
	year           = "2013",
	eprint         = "1212.5055",
	archivePrefix  = "arXiv",
	SLACcitation   = "%%CITATION = ARXIV:1212.5055;%%",
}
@Article{Beane:2012ey,
	author    = "Beane, S. R. and others",
	title     = "{Hyperon-Nucleon Interactions and the Composition of Dense
	Nuclear Matter from Quantum Chromodynamics}",
	journal   = "Phys. Rev. Lett.",
	volume    = "109",
	year      = "2012",
	pages     = "172001",
	eprint    = "1204.3606",
	archivePrefix = "arXiv",
	primaryClass  =  "hep-lat",
	doi       = "10.1103/PhysRevLett.109.172001",
	SLACcitation  = "%%CITATION = 1204.3606;%%"
}

@article{Beane:2013br,
	author         = "Beane, S.R. and Chang, E. and Cohen, S.D. and Detmold, W.
	and Junnarkar, P. and others",
	title          = "{Nucleon-Nucleon Scattering Parameters in the Limit of
	SU(3) Flavor Symmetry}",
	doi            = "10.1103/PhysRevC.88.024003",
	year           = "2013",
	eprint         = "1301.5790",
	archivePrefix  = "arXiv",
	primaryClass   = "hep-lat",
	reportNumber   = "MIT-CTP-4434, ICCUB-13-040, JLAB-THY-13-1689,
	NT@UW-13-05, NT-LBNL-13-004, UCB-NPAT-13-004, UNH-13-2,
	--NT-LBNL-13-004, --NT-LBNL-13-004",
	SLACcitation   = "%%CITATION = ARXIV:1301.5790;%%",
}
@Article{Inoue:2011ai,
	author    = "Inoue, Takashi and others",
	title     = "{Two-Baryon Potentials and H-Dibaryon from 3-flavor Lattice
	QCD Simulations}",
	journal   = "Nucl. Phys.",
	volume    = "A881",
	year      = "2012",
	pages     = "28-43",
	eprint    = "1112.5926",
	archivePrefix = "arXiv",
	primaryClass  =  "hep-lat",
	doi       = "10.1016/j.nuclphysa.2012.02.008",
	SLACcitation  = "%%CITATION = 1112.5926;%%"
}

% No SPIRES record found for cite request IshiiCD

@Article{Buchoff:2012ja,
	author    = "Buchoff, Michael I. and Luu, Thomas C. and Wasem, Joseph",
	title     = "{S-wave scattering of strangeness -3 baryons}",
	journal   = "Phys. Rev.",
	volume    = "D85",
	year      = "2012",
	pages     = "094511",
	eprint    = "1201.3596",
	archivePrefix = "arXiv",
	primaryClass  =  "hep-lat",
	doi       = "10.1103/PhysRevD.85.094511",
	SLACcitation  = "%%CITATION = 1201.3596;%%"
}

@Article{Beane:2007es,
	author    = "Beane, Silas R. and others",
	title     = "{Multi-Pion Systems in Lattice QCD and the Three-Pion
	Interaction}",
	journal   = "Phys. Rev. Lett.",
	volume    = "100",
	year      = "2008",
	pages     = "082004",
	eprint    = "0710.1827",
	archivePrefix = "arXiv",
	primaryClass  =  "hep-lat",
	doi       = "10.1103/PhysRevLett.100.082004",
	SLACcitation  = "%%CITATION = 0710.1827;%%"
}

@Article{Detmold:2008fn,
	author    = "Detmold, William and others",
	title     = "{Multi-Pion States in Lattice QCD and the Charged-Pion
	Condensate}",
	journal   = "Phys. Rev.",
	volume    = "D78",
	year      = "2008",
	pages     = "014507",
	eprint    = "0803.2728",
	archivePrefix = "arXiv",
	primaryClass  =  "hep-lat",
	doi       = "10.1103/PhysRevD.78.014507",
	SLACcitation  = "%%CITATION = 0803.2728;%%"
}

@Article{Detmold:2010au,
	author    = "Detmold, William and Savage, Martin J.",
	title     = "{A method to study complex systems of mesons in Lattice
	QCD}",
	journal   = "Phys. Rev.",
	volume    = "D82",
	year      = "2010",
	pages     = "014511",
	eprint    = "1001.2768",
	archivePrefix = "arXiv",
	primaryClass  =  "hep-lat",
	doi       = "10.1103/PhysRevD.82.014511",
	SLACcitation  = "%%CITATION = 1001.2768;%%"
}

@Article{Beane:2010hg,
	author    = "Beane, S. R. and others",
	title     = "{Evidence for a Bound H-dibaryon from Lattice QCD}",
	journal   = "Phys. Rev. Lett.",
	volume    = "106",
	year      = "2011",
	pages     = "162001",
	eprint    = "1012.3812",
	archivePrefix = "arXiv",
	primaryClass  =  "hep-lat",
	doi       = "10.1103/PhysRevLett.106.162001",
	SLACcitation  = "%%CITATION = 1012.3812;%%"
}

@Article{Jaffe:1976yi,
	author    = "Jaffe, Robert L.",
	title     = "{Perhaps a Stable Dihyperon}",
	journal   = "Phys. Rev. Lett.",
	volume    = "38",
	year      = "1977",
	pages     = "195-198",
	doi       = "10.1103/PhysRevLett.38.195",
	note      = "[Erratum-ibid.38:617,1977]",
	SLACcitation  = "%%CITATION = PRLTA,38,195;%%"
}

@article{Detmold:2018zgk,
	author         = "Detmold, W. and Endres, M. G.",
	title          = "{Scaling properties of multiscale equilibration}",
	journal        = "Phys. Rev.",
	volume         = "D97",
	year           = "2018",
	number         = "7",
	pages          = "074507",
	doi            = "10.1103/PhysRevD.97.074507",
	eprint         = "1801.06132",
	archivePrefix  = "arXiv",
	primaryClass   = "hep-lat",
	reportNumber   = "MIT-CTP-4981",
	SLACcitation   = "%%CITATION = ARXIV:1801.06132;%%"
}

%%% contains utf-8, see: http://inspirehep.net/info/faq/general#utf8
%%% add \usepackage[utf8]{inputenc} to your latex preamble

@article{Detmold:2016rnh,
	author         = "Detmold, William and Endres, Michael G.",
	title          = "{Multiscale Monte Carlo equilibration: Two-color QCD
	with two fermion flavors}",
	journal        = "Phys. Rev.",
	volume         = "D94",
	year           = "2016",
	number         = "11",
	pages          = "114502",
	doi            = "10.1103/PhysRevD.94.114502",
	eprint         = "1605.09650",
	archivePrefix  = "arXiv",
	primaryClass   = "hep-lat",
	reportNumber   = "MIT-CTP-4808",
	SLACcitation   = "%%CITATION = ARXIV:1605.09650;%%"
}

%%% contains utf-8, see: http://inspirehep.net/info/faq/general#utf8
%%% add \usepackage[utf8]{inputenc} to your latex preamble

@article{Endres:2015yca,
	author         = "Endres, Michael G. and Brower, Richard C. and Detmold,
	William and Orginos, Kostas and Pochinsky, Andrew V.",
	title          = "{Multiscale Monte Carlo equilibration: Pure Yang-Mills
	theory}",
	journal        = "Phys. Rev.",
	volume         = "D92",
	year           = "2015",
	number         = "11",
	pages          = "114516",
	doi            = "10.1103/PhysRevD.92.114516",
	eprint         = "1510.04675",
	archivePrefix  = "arXiv",
	primaryClass   = "hep-lat",
	reportNumber   = "MIT-CTP-4726, JLAB-THY-15-2158",
	SLACcitation   = "%%CITATION = ARXIV:1510.04675;%%"
}
@article{Detmold:2014rfa,
	author         = "Detmold, William and Endres, Michael G.",
	title          = "{Signal/noise optimization strategies for stochastically
	estimated correlation functions}",
	booktitle      = "{Proceedings, 32nd International Symposium on Lattice
	Field Theory (Lattice 2014): Brookhaven, NY, USA, June
	23-28, 2014}",
	journal        = "PoS",
	volume         = "LATTICE2014",
	year           = "2015",
	pages          = "170",
	eprint         = "1409.5667",
	archivePrefix  = "arXiv",
	primaryClass   = "hep-lat",
	reportNumber   = "MIT-CTP-4589",
	SLACcitation   = "%%CITATION = ARXIV:1409.5667;%%"
}
@article{Detmold:2014hla,
	author         = "Detmold, William and Endres, Michael G.",
	title          = "{Signal/noise enhancement strategies for stochastically
	estimated correlation functions}",
	journal        = "Phys. Rev.",
	volume         = "D90",
	year           = "2014",
	number         = "3",
	pages          = "034503",
	doi            = "10.1103/PhysRevD.90.034503",
	eprint         = "1404.6816",
	archivePrefix  = "arXiv",
	primaryClass   = "hep-lat",
	reportNumber   = "MIT-CTP-4545",
	SLACcitation   = "%%CITATION = ARXIV:1404.6816;%%"
}

@article{Chang:2017eiq,
	author         = "Chang, Emmanuel and Davoudi, Zohreh and Detmold, William
	and Gambhir, Arjun S. and Orginos, Kostas and Savage,
	Martin J. and Shanahan, Phiala E. and Wagman, Michael L.
	and Winter, Frank",
	title          = "{Nuclear modification of scalar, axial and tensor charges
	from lattice QCD}",
	journal        = "Phys. Rev. Lett.",
	volume         = "120",
	year           = "2018",
	number         = "15",
	pages          = "152002",
	doi            = "10.1103/PhysRevLett.120.152002",
	eprint         = "1712.03221",
	archivePrefix  = "arXiv",
	primaryClass   = "hep-lat",
	reportNumber   = "INT-PUB-17-054, MIT-CTP-4967, JLAB-THY-17-2607,
	UMD-PP-017-35",
	SLACcitation   = "%%CITATION = ARXIV:1712.03221;%%"
}
@phdthesis{Wagman:2017gqi,
	author         = "Wagman, Michael L.",
	title          = "{Statistical Angles on the Lattice QCD Signal-to-Noise
	Problem}",
	school         = "Washington U., Seattle",
	year           = "2017",
	url            = "http://inspirehep.net/record/1633766/files/arXiv:1711.00062.pdf",
	eprint         = "1711.00062",
	archivePrefix  = "arXiv",
	primaryClass   = "hep-lat",
	SLACcitation   = "%%CITATION = ARXIV:1711.00062;%%"
}
@article{Wagman:2017jva,
	author         = "Wagman, Michael L.",
	title          = "{Life Outside the Golden Window: Statistical Angles on
	the Signal-to-Noise Problem}",
	booktitle      = "{Proceedings, 35th International Symposium on Lattice
	Field Theory (Lattice 2017): Granada, Spain, June 18-24,
	2017}",
	journal        = "EPJ Web Conf.",
	volume         = "175",
	year           = "2018",
	pages          = "05003",
	doi            = "10.1051/epjconf/201817505003",
	eprint         = "1710.10818",
	archivePrefix  = "arXiv",
	primaryClass   = "hep-lat",
	SLACcitation   = "%%CITATION = ARXIV:1710.10818;%%"
}
@article{Winter:2017bfs,
	author         = "Winter, Frank and Detmold, William and Gambhir, Arjun S.
	and Orginos, Kostas and Savage, Martin J. and Shanahan,
	Phiala E. and Wagman, Michael L.",
	title          = "{First lattice QCD study of the gluonic structure of
	light nuclei}",
	journal        = "Phys. Rev.",
	volume         = "D96",
	year           = "2017",
	number         = "9",
	pages          = "094512",
	doi            = "10.1103/PhysRevD.96.094512",
	eprint         = "1709.00395",
	archivePrefix  = "arXiv",
	primaryClass   = "hep-lat",
	reportNumber   = "INT-PUB-17-035, MIT-CTP-4932, JLAB-THY-17-2540",
	SLACcitation   = "%%CITATION = ARXIV:1709.00395;%%"
}
@article{Wagman:2017tmp,
	author         = "Wagman, Michael L. and Winter, Frank and Chang, Emmanuel
	and Davoudi, Zohreh and Detmold, William and Orginos,
	Kostas and Savage, Martin J. and Shanahan, Phiala E.",
	title          = "{Baryon-Baryon Interactions and Spin-Flavor Symmetry from
	Lattice Quantum Chromodynamics}",
	journal        = "Phys. Rev.",
	volume         = "D96",
	year           = "2017",
	number         = "11",
	pages          = "114510",
	doi            = "10.1103/PhysRevD.96.114510",
	eprint         = "1706.06550",
	archivePrefix  = "arXiv",
	primaryClass   = "hep-lat",
	reportNumber   = "INT-PUB-17-017, MIT-CTP-4912, NSF-ITP-17-076",
	SLACcitation   = "%%CITATION = ARXIV:1706.06550;%%"
}
@article{Cherman:2017tey,
	author         = "Cherman, Aleksey and Sen, Srimoyee and Unsal, Mithat and
	Wagman, Michael L. and Yaffe, Laurence G.",
	title          = "{Order parameters and color-flavor center symmetry in
	QCD}",
	journal        = "Phys. Rev. Lett.",
	volume         = "119",
	year           = "2017",
	number         = "22",
	pages          = "222001",
	doi            = "10.1103/PhysRevLett.119.222001",
	eprint         = "1706.05385",
	archivePrefix  = "arXiv",
	primaryClass   = "hep-th",
	reportNumber   = "INT-PUB-17-021",
	SLACcitation   = "%%CITATION = ARXIV:1706.05385;%%"
}
@article{Beane:2017edf,
	author         = "Beane, Silas R. and others",
	title          = "{Comment on "Are two nucleons bound in lattice QCD for
	heavy quark masses? - Sanity check with L\"uscher's finite
	volume formula -"}",
	year           = "2017",
	eprint         = "1705.09239",
	archivePrefix  = "arXiv",
	primaryClass   = "hep-lat",
	reportNumber   = "INT-PUB-17-016, NT@UW-17-10, MIT-CTP-4909",
	SLACcitation   = "%%CITATION = ARXIV:1705.09239;%%"
}
@article{Wagman:2017xfh,
	author         = "Wagman, Michael L. and Savage, Martin J.",
	title          = "{Taming the Signal-to-Noise Problem in Lattice QCD by
	Phase Reweighting}",
	year           = "2017",
	eprint         = "1704.07356",
	archivePrefix  = "arXiv",
	primaryClass   = "hep-lat",
	SLACcitation   = "%%CITATION = ARXIV:1704.07356;%%"
}
@article{Tiburzi:2017iux,
	author         = "Tiburzi, Brian C. and Wagman, Michael L. and Winter,
	Frank and Chang, Emmanuel and Davoudi, Zohreh and Detmold,
	William and Orginos, Kostas and Savage, Martin J. and
	Shanahan, Phiala E.",
	title          = "{Double-$\beta$ Decay Matrix Elements from Lattice
	Quantum Chromodynamics}",
	journal        = "Phys. Rev.",
	volume         = "D96",
	year           = "2017",
	number         = "5",
	pages          = "054505",
	doi            = "10.1103/PhysRevD.96.054505",
	eprint         = "1702.02929",
	archivePrefix  = "arXiv",
	primaryClass   = "hep-lat",
	reportNumber   = "INT-PUB-17-002, MIT-CTP-4871",
	SLACcitation   = "%%CITATION = ARXIV:1702.02929;%%"
}
@article{Shanahan:2017bgi,
	author         = "Shanahan, Phiala E. and Tiburzi, Brian C. and Wagman,
	Michael L. and Winter, Frank and Chang, Emmanuel and
	Davoudi, Zohreh and Detmold, William and Orginos, Kostas
	and Savage, Martin J.",
	title          = "{Isotensor Axial Polarizability and Lattice QCD Input for
	Nuclear Double-$\beta$ Decay Phenomenology}",
	journal        = "Phys. Rev. Lett.",
	volume         = "119",
	year           = "2017",
	number         = "6",
	pages          = "062003",
	doi            = "10.1103/PhysRevLett.119.062003",
	eprint         = "1701.03456",
	archivePrefix  = "arXiv",
	primaryClass   = "hep-lat",
	reportNumber   = "INT-PUB-16-056, MIT-CTP-4867",
	SLACcitation   = "%%CITATION = ARXIV:1701.03456;%%"
}
@article{Cherman:2016vpt,
	author         = "Cherman, Aleksey and Sen, Srimoyee and Wagman, Michael L.
	and Yaffe, Laurence G.",
	title          = "{Exponential reduction of finite volume effects with
	twisted boundary conditions}",
	journal        = "Phys. Rev.",
	volume         = "D95",
	year           = "2017",
	number         = "7",
	pages          = "074512",
	doi            = "10.1103/PhysRevD.95.074512",
	eprint         = "1612.00403",
	archivePrefix  = "arXiv",
	primaryClass   = "hep-lat",
	reportNumber   = "INT-PUB-16-049",
	SLACcitation   = "%%CITATION = ARXIV:1612.00403;%%"
}
@article{Wagman:2016bam,
	author         = "Wagman, Michael L. and Savage, Martin J.",
	title          = "{Statistics of baryon correlation functions in lattice
	QCD}",
	journal        = "Phys. Rev.",
	volume         = "D96",
	year           = "2017",
	number         = "11",
	pages          = "114508",
	doi            = "10.1103/PhysRevD.96.114508",
	eprint         = "1611.07643",
	archivePrefix  = "arXiv",
	primaryClass   = "hep-lat",
	SLACcitation   = "%%CITATION = ARXIV:1611.07643;%%"
}
@article{Savage:2016mlr,
	author         = "Savage, Martin J. and Shanahan, Phiala E. and Tiburzi,
	Brian C. and Wagman, Michael L. and Winter, Frank and
	Beane, Silas R. and Chang, Emmanuel and Davoudi, Zohreh
	and Detmold, William and Orginos, Kostas",
	title          = "{Axial-Current Matrix Elements in Light Nuclei from
	Lattice QCD}",
	booktitle      = "{Proceedings, 38th International Conference on High
	Energy Physics (ICHEP 2016): Chicago, IL, USA, August
	3-10, 2016}",
	journal        = "PoS",
	volume         = "ICHEP2016",
	year           = "2016",
	pages          = "506",
	eprint         = "1611.00344",
	archivePrefix  = "arXiv",
	primaryClass   = "hep-lat",
	reportNumber   = "INT-PUB-16-039",
	SLACcitation   = "%%CITATION = ARXIV:1611.00344;%%"
}
@article{Savage:2016kon,
	author         = "Savage, Martin J. and Shanahan, Phiala E. and Tiburzi,
	Brian C. and Wagman, Michael L. and Winter, Frank and
	Beane, Silas R. and Chang, Emmanuel and Davoudi, Zohreh
	and Detmold, William and Orginos, Kostas",
	title          = "{Proton-Proton Fusion and Tritium $\beta$ Decay from
	Lattice Quantum Chromodynamics}",
	journal        = "Phys. Rev. Lett.",
	volume         = "119",
	year           = "2017",
	number         = "6",
	pages          = "062002",
	doi            = "10.1103/PhysRevLett.119.062002",
	eprint         = "1610.04545",
	archivePrefix  = "arXiv",
	primaryClass   = "hep-lat",
	reportNumber   = "INT-PUB-16-033, JLAB-THY-16-2362, MIT-CTP-4844,
	NT@UW-16-12",
	SLACcitation   = "%%CITATION = ARXIV:1610.04545;%%"
}

@article{Beane:2014oea,
	author         = "Beane, Silas R. and Detmold, William and Orginos, Kostas
	and Savage, Martin J.",
	title          = "{Uncertainty Quantification in Lattice QCD Calculations
	for Nuclear Physics}",
	journal        = "J. Phys.",
	volume         = "G42",
	year           = "2015",
	number         = "3",
	pages          = "034022",
	doi            = "10.1088/0954-3899/42/3/034022",
	eprint         = "1410.2937",
	archivePrefix  = "arXiv",
	primaryClass   = "nucl-th",
	reportNumber   = "INT-PUB-14-048, JLAB-THY-14-1964",
	SLACcitation   = "%%CITATION = ARXIV:1410.2937;%%"
}


@article{Yamazaki:2015asa,
	author         = "Yamazaki, Takeshi and Ishikawa, Ken-ichi and Kuramashi,
	Yoshinobu and Ukawa, Akira",
	title          = "{Study of quark mass dependence of binding energy for
	light nuclei in 2+1 flavor lattice QCD}",
	journal        = "Phys. Rev.",
	volume         = "D92",
	year           = "2015",
	number         = "1",
	pages          = "014501",
	doi            = "10.1103/PhysRevD.92.014501",
	eprint         = "1502.04182",
	archivePrefix  = "arXiv",
	primaryClass   = "hep-lat",
	reportNumber   = "UTCCS-P-79, UTHEP-668",
	SLACcitation   = "%%CITATION = ARXIV:1502.04182;%%"
}

@Article{Inoue:2010es,
	author    = "Inoue, Takashi and others",
	title     = "{Bound H-dibaryon in Flavor SU(3) Limit of Lattice QCD}",
	journal   = "Phys. Rev. Lett.",
	volume    = "106",
	year      = "2011",
	pages     = "162002",
	eprint    = "1012.5928",
	archivePrefix = "arXiv",
	primaryClass  =  "hep-lat",
	doi       = "10.1103/PhysRevLett.106.162002",
	SLACcitation  = "%%CITATION = 1012.5928;%%"
}

@article{Doi:2011nm,
	author         = "Doi, Takumi",
	title          = "{Three-Nucleon Forces explored by Lattice QCD
	Simulations}",
	collaboration  = "HAL QCD Collaboration",
	journal        = "PoS",
	volume         = "LATTICE2011",
	pages          = "151",
	year           = "2011",
	eprint         = "1112.4103",
	archivePrefix  = "arXiv",
	primaryClass   = "hep-lat",
	SLACcitation   = "%%CITATION = ARXIV:1112.4103;%%",
}

@Article{Beane:2011xf,
	author    = "Beane, S. R. and others",
	title     = "{Present Constraints on the H-dibaryon at the Physical
	Point from Lattice QCD}",
	journal   = "Mod. Phys. Lett.",
	volume    = "A26",
	year      = "2011",
	pages     = "2587-2595",
	eprint    = "1103.2821",
	archivePrefix = "arXiv",
	primaryClass  =  "hep-lat",
	doi       = "10.1142/S0217732311036978",
	SLACcitation  = "%%CITATION = 1103.2821;%%"
}

@Article{Yamazaki:2011nd,
	author    = "Yamazaki, T. and Kuramashi, Y. and Ukawa, A.",
	title     = "{Two-Nucleon Bound States in Quenched Lattice QCD}",
	journal   = "Phys. Rev.",
	volume    = "D84",
	year      = "2011",
	pages     = "054506",
	eprint    = "1105.1418",
	archivePrefix = "arXiv",
	primaryClass  =  "hep-lat",
	doi       = "10.1103/PhysRevD.84.054506",
	SLACcitation  = "%%CITATION = 1105.1418;%%"
}

@Article{Yamazaki:2012hi,
	author    = "Yamazaki, Takeshi and Ishikawa, Ken-ichi and Kuramashi,
	Yoshinobu and Ukawa, Akira",
	title     = "{Helium nuclei, deuteron and dineutron in 2+1 flavor
	lattice QCD}",
	journal   = "Phys. Rev.",
	volume    = "D86",
	year      = "2012",
	pages     = "074514",
	eprint    = "1207.4277",
	archivePrefix = "arXiv",
	primaryClass  =  "hep-lat",
	doi       = "10.1103/PhysRevD.86.074514",
	SLACcitation  = "%%CITATION = 1207.4277;%%"
}

@Article{Aoki:2012tk,
	author    = "Aoki, Sinya and others",
	title     = "{Lattice QCD approach to Nuclear Physics}",
	journal   = "PTEP",
	volume    = "2012",
	year      = "2012",
	pages     = "01A105",
	eprint    = "1206.5088",
	archivePrefix = "arXiv",
	primaryClass  =  "hep-lat",
	doi       = "10.1093/ptep/pts010",
	SLACcitation  = "%%CITATION = 1206.5088;%%"
}

@article{Briceno:2013lba,
	author         = "Briceno, Raul A. and Davoudi, Zohreh and Luu, Thomas C.",
	title          = "{Two-Nucleon Systems in a Finite Volume: (I) Quantization
	Conditions}",
	year           = "2013",
	eprint         = "1305.4903",
	archivePrefix  = "arXiv",
	primaryClass   = "hep-lat",
	reportNumber   = "NT@UW-13-19",
	SLACcitation   = "%%CITATION = ARXIV:1305.4903;%%",
}

@article{Beane:2012vq,
	author         = "Beane, S.R. and Chang, E. and Cohen, S.D. and Detmold,
	William and Lin, H.W. and others",
	title          = "{Light Nuclei and Hypernuclei from Quantum Chromodynamics
	in the Limit of SU(3) Flavor Symmetry}",
	journal        = "Phys.Rev.",
	number         = "3",
	volume         = "D87",
	pages          = "034506",
	doi            = "10.1103/PhysRevD.87.034506",
	year           = "2013",
	eprint         = "1206.5219",
	archivePrefix  = "arXiv",
	primaryClass   = "hep-lat",
	reportNumber   = "ICCUB-12-309, JLAB-THY-12-1581, NT-UW-12-09,
	NT-LBNL-12-012, UCB-NPAT-12-011, UNH-12-04",
	SLACcitation   = "%%CITATION = ARXIV:1206.5219;%%",
}

@article{Gunther:2013xj,
	author         = "Gunther, Jana and Toth, Balint C. and Varnhorst, Lukas",
	title          = "{A recursive approach to determine correlation functions
	in multi-baryon systems}",
	journal        = "Phys.Rev.",
	volume         = "D87",
	pages          = "094513",
	doi            = "10.1103/PhysRevD.87.094513",
	year           = "2013",
	eprint         = "1301.4895",
	archivePrefix  = "arXiv",
	primaryClass   = "hep-lat",
	reportNumber   = "WUB-13-01",
	SLACcitation   = "%%CITATION = ARXIV:1301.4895;%%",
}

@Article{Beane:2009gs,
	author    = "Beane, Silas R. and others",
	title     = "{High Statistics Analysis using Anisotropic Clover
	Lattices: (II) Three-Baryon Systems}",
	journal   = "Phys. Rev.",
	volume    = "D80",
	year      = "2009",
	pages     = "074501",
	eprint    = "0905.0466",
	archivePrefix = "arXiv",
	primaryClass  =  "hep-lat",
	doi       = "10.1103/PhysRevD.80.074501",
	SLACcitation  = "%%CITATION = 0905.0466;%%"
}

@article{Detmold:2012eu,
	author         = "Detmold, William and Orginos, Kostas",
	title          = "{Nuclear correlation functions in lattice QCD}",
	journal        = "Phys.Rev.",
	volume         = "D87",
	pages          = "114512",
	doi            = "10.1103/PhysRevD.87.114512",
	year           = "2013",
	eprint         = "1207.1452",
	archivePrefix  = "arXiv",
	primaryClass   = "hep-lat",
	reportNumber   = "JLAB-THY-12-1591",
	SLACcitation   = "%%CITATION = ARXIV:1207.1452;%%",
}

@Article{deForcrand:2010ys,
	author    = "de Forcrand, Philippe",
	title     = "{Simulating QCD at finite density}",
	journal   = "PoS",
	volume    = "LAT2009",
	year      = "2009",
	pages     = "010",
	eprint    = "1005.0539",
	archivePrefix = "arXiv",
	primaryClass  =  "hep-lat",
	SLACcitation  = "%%CITATION = 1005.0539;%%"
}

@Article{Endres:2011jm,
	author    = "Endres, Michael G. and Kaplan, David B. and Lee, Jong-Wan
	and Nicholson, Amy N.",
	title     = "{Noise, sign problems, and statistics}",
	journal   = "Phys. Rev. Lett.",
	volume    = "107",
	year      = "2011",
	pages     = "201601",
	%    eprint    = "1106.0073",
	%    archivePrefix = "arXiv",
	%    primaryClass  =  "hep-lat",
	doi       = "10.1103/PhysRevLett.107.201601",
	SLACcitation  = "%%CITATION = 1106.0073;%%"
}

@Article{Grabowska:2012ik,
	author    = "Grabowska, Dorota and Kaplan, David B. and Nicholson, Amy
	N.",
	title     = "{Sign problems, noise, and chiral symmetry breaking in a
	QCD-like theory}",
	journal   = "Phys. Rev.",
	volume    = "D87",
	year      = "2013",
	pages     = "014504",
	%    eprint    = "1208.5760",
	%    archivePrefix = "arXiv",
	%    primaryClass  =  "hep-lat",
	doi       = "10.1103/PhysRevD.87.014504",
	SLACcitation  = "%%CITATION = 1208.5760;%%"
}

@Article{Detmold:2004qn,
	author    = "Detmold, William and Savage, Martin J.",
	title     = "{Electroweak matrix elements in the two-nucleon sector from
	lattice QCD}",
	journal   = "Nucl. Phys.",
	volume    = "A743",
	year      = "2004",
	pages     = "170-193",
	eprint    = "hep-lat/0403005",
	archivePrefix = "arXiv",
	doi       = "10.1016/j.nuclphysa.2004.07.007",
	SLACcitation  = "%%CITATION = HEP-LAT/0403005;%%"
}

@Article{Meyer:2012wk,
	author    = "Meyer, Harvey B.",
	title     = "{Photodisintegration of a Bound State on the Torus}",
	year      = "2012",
	eprint    = "1202.6675",
	archivePrefix = "arXiv",
	primaryClass  =  "hep-lat",
	SLACcitation  = "%%CITATION = 1202.6675;%%"
}

@Article{Bernard:2008ax,
	author    = "Bernard, Veronique and Lage, Michael and Mei{\ss}ner, Ulf-G.
	and Rusetsky, Akaki",
	title     = "{Resonance properties from the finite-volume energy
	spectrum}",
	journal   = "JHEP",
	volume    = "08",
	year      = "2008",
	pages     = "024",
	eprint    = "0806.4495",
	archivePrefix = "arXiv",
	primaryClass  =  "hep-lat",
	doi       = "10.1088/1126-6708/2008/08/024",
	SLACcitation  = "%%CITATION = 0806.4495;%%"
}

% No SPIRES record found for cite request Detmold:2011np

@Article{Lin:2001ek,
	author    = "Lin, C. J. David and Martinelli, G. and Sachrajda,
	Christopher T. and Testa, M.",
	title     = "{K --> pi pi decays in a finite volume}",
	journal   = "Nucl. Phys.",
	volume    = "B619",
	year      = "2001",
	pages     = "467-498",
	%    eprint    = "hep-lat/0104006",
	%    archivePrefix = "arXiv",
	doi       = "10.1016/S0550-3213(01)00495-3",
	SLACcitation  = "%%CITATION = HEP-LAT/0104006;%%"
}

@Article{Balog:1999ww,
	author    = "Balog, Janos and others",
	title     = "{Comparison of the O(3) bootstrap sigma-model with the
	lattice  regularization at low energies}",
	journal   = "Phys. Rev.",
	volume    = "D60",
	year      = "1999",
	pages     = "094508",
	eprint    = "hep-lat/9903036",
	archivePrefix = "arXiv",
	doi       = "10.1103/PhysRevD.60.094508",
	SLACcitation  = "%%CITATION = HEP-LAT/9903036;%%"
}

@Article{Aoki:2005uf,
	author    = "Aoki, S. and others",
	title     = "{I = 2 pion scattering length from two-pion wave
	functions}",
	journal   = "Phys. Rev.",
	volume    = "D71",
	year      = "2005",
	pages     = "094504",
	eprint    = "hep-lat/0503025",
	archivePrefix = "arXiv",
	doi       = "10.1103/PhysRevD.71.094504",
	SLACcitation  = "%%CITATION = HEP-LAT/0503025;%%"
}

@Article{Detmold:2007wk,
	author    = "Detmold, William and Orginos, Kostas and Savage, Martin J.
	",
	title     = "{BB potentials in quenched lattice QCD}",
	journal   = "Phys. Rev.",
	volume    = "D76",
	year      = "2007",
	pages     = "114503",
	eprint    = "hep-lat/0703009",
	archivePrefix = "arXiv",
	doi       = "10.1103/PhysRevD.76.114503",
	SLACcitation  = "%%CITATION = HEP-LAT/0703009;%%"
}

@Article{Beane:2010em,
	author    = "Beane, S. R. and Detmold, W. and Orginos, K. and Savage, M.
	J.",
	title     = "{Nuclear Physics from Lattice QCD}",
	journal   = "Prog. Part. Nucl. Phys.",
	volume    = "66",
	year      = "2011",
	pages     = "1-40",
	%    eprint    = "1004.2935",
	%    archivePrefix = "arXiv",
	%    primaryClass  =  "hep-lat",
	doi       = "10.1016/j.ppnp.2010.08.002",
	SLACcitation  = "%%CITATION = 1004.2935;%%"
}

@Article{Birse:2012ph,
	author    = "Birse, Michael C.",
	title     = "{Potential problems with interpolating fields}",
	year      = "2012",
	eprint    = "1208.4807",
	archivePrefix = "arXiv",
	primaryClass  =  "nucl-th",
	SLACcitation  = "%%CITATION = 1208.4807;%%"
}

% No SPIRES record found for cite request AOKI_TAIWAN

% No SPIRES record found for cite request SOMEPAPERS

@Article{Chen:2012rp,
	author    = "Chen, Hua-Xing and Oset, E.",
	title     = "{The pion-pion Interaction in the rho Channel in Finite
	Volume}",
	year      = "2012",
	eprint    = "1202.2787",
	archivePrefix = "arXiv",
	primaryClass  =  "hep-lat",
	SLACcitation  = "%%CITATION = 1202.2787;%%"
}

@Article{Albaladejo:2012jr,
	author    = "Albaladejo, M. and Oller, J. A. and Oset, E. and Rios, G.
	and Roca, L.",
	title     = "{Finite volume treatment of pi pi scattering and limits to
	phase shifts extraction from lattice QCD}",
	journal   = "JHEP",
	volume    = "08",
	year      = "2012",
	pages     = "071",
	eprint    = "1205.3582",
	archivePrefix = "arXiv",
	primaryClass  =  "hep-lat",
	doi       = "10.1007/JHEP08(2012)071",
	SLACcitation  = "%%CITATION = 1205.3582;%%"
}

@Article{Doring:2011vk,
	author    = "D{\"o}ring, M. and Mei{\ss}ner, Ulf-G. and Oset, E. and Rusetsky,
	A.",
	title     = "{Unitarized Chiral Perturbation Theory in a finite volume:
	scalar meson sector}",
	journal   = "Eur. Phys. J.",
	volume    = "A47",
	year      = "2011",
	pages     = "139",
	%    eprint    = "1107.3988",
	%    archivePrefix = "arXiv",
	%    primaryClass  =  "hep-lat",
	doi       = "10.1140/epja/i2011-11139-7",
	SLACcitation  = "%%CITATION = 1107.3988;%%"
}

@Article{Doring:2011nd,
	author    = "D{\"o}ring, M. and Mei{\ss}ner, Ulf G.",
	title     = "{Finite volume effects in pion-kaon scattering and
	reconstruction of the kappa(800) resonance}",
	journal   = "JHEP",
	volume    = "01",
	year      = "2012",
	pages     = "009",
	eprint    = "1111.0616",
	archivePrefix = "arXiv",
	primaryClass  =  "hep-lat",
	doi       = "10.1007/JHEP01(2012)009",
	SLACcitation  = "%%CITATION = 1111.0616;%%"
}

@Article{Oset:2011ce,
	author    = "Oset, E. and D{\"o}ring, M. and Mei{\ss}ner, U. G. and Rusetsky,
	A.",
	title     = "{Chiral unitary theory of scalar mesons in a finite
	volume}",
	year      = "2011",
	eprint    = "1108.3923",
	archivePrefix = "arXiv",
	primaryClass  =  "hep-lat",
	SLACcitation  = "%%CITATION = 1108.3923;%%"
}

% No SPIRES record found for cite request Xie:2012np

@Article{Roca:2012rx,
	author    = "Roca, L. and Oset, E.",
	title     = "{Scattering of unstable particles in a finite volume: the
	case of pi rho scattering and the a1(1260) resonance}",
	journal   = "Phys. Rev.",
	volume    = "D85",
	year      = "2012",
	pages     = "054507",
	eprint    = "1201.0438",
	archivePrefix = "arXiv",
	primaryClass  =  "hep-lat",
	doi       = "10.1103/PhysRevD.85.054507",
	SLACcitation  = "%%CITATION = 1201.0438;%%"
}

@Article{Beane:2006mx,
	author    = "Beane, S. R. and Bedaque, P. F. and Orginos, K. and Savage,
	M. J.",
	title     = "{Nucleon nucleon scattering from fully-dynamical lattice
	QCD}",
	journal   = "Phys. Rev. Lett.",
	volume    = "97",
	year      = "2006",
	pages     = "012001",
	eprint    = "hep-lat/0602010",
	archivePrefix = "arXiv",
	doi       = "10.1103/PhysRevLett.97.012001",
	SLACcitation  = "%%CITATION = HEP-LAT/0602010;%%"
}

@Article{Ishii:2006ec,
	author    = "Ishii, N. and Aoki, S. and Hatsuda, T.",
	title     = "{The nuclear force from lattice QCD}",
	journal   = "Phys. Rev. Lett.",
	volume    = "99",
	year      = "2007",
	pages     = "022001",
	eprint    = "nucl-th/0611096",
	archivePrefix = "arXiv",
	doi       = "10.1103/PhysRevLett.99.022001",
	SLACcitation  = "%%CITATION = NUCL-TH/0611096;%%"
}

@Article{Doi:2011gq,
	author    = "Doi, Takumi and others",
	title     = "{Exploring Three-Nucleon Forces in Lattice QCD}",
	journal   = "Prog. Theor. Phys.",
	volume    = "127",
	year      = "2012",
	pages     = "723-738",
	eprint    = "1106.2276",
	archivePrefix = "arXiv",
	primaryClass  =  "hep-lat",
	doi       = "10.1143/PTP.127.723",
	SLACcitation  = "%%CITATION = 1106.2276;%%"
}

@Article{Dashen:1974ff,
	author    = "Dashen, Roger F. and Manassah, J. T.",
	title     = "{Pion phase transition in chiral symmetry breaking model}",
	journal   = "Phys. Lett.",
	volume    = "B50",
	year      = "1974",
	pages     = "460-462",
	doi       = "10.1016/0370-2693(74)90260-3",
	SLACcitation  = "%%CITATION = PHLTA,B50,460;%%"
}

@Article{Son:2000xc,
	author    = "Son, D. T. and Stephanov, Misha A.",
	title     = "{QCD at finite isospin density}",
	journal   = "Phys. Rev. Lett.",
	volume    = "86",
	year      = "2001",
	pages     = "592-595",
	eprint    = "hep-ph/0005225",
	archivePrefix = "arXiv",
	doi       = "10.1103/PhysRevLett.86.592",
	SLACcitation  = "%%CITATION = HEP-PH/0005225;%%"
}

@Article{Klein:2003fy,
	author    = "Klein, B. and Toublan, D. and Verbaarschot, J. J. M.",
	title     = "{The QCD phase diagram at nonzero temperature, baryon and
	isospin  chemical potentials in random matrix theory}",
	journal   = "Phys. Rev.",
	volume    = "D68",
	year      = "2003",
	pages     = "014009",
	eprint    = "hep-ph/0301143",
	archivePrefix = "arXiv",
	doi       = "10.1103/PhysRevD.68.014009",
	SLACcitation  = "%%CITATION = HEP-PH/0301143;%%"
}

@Article{Voskresensky:1997ub,
	author    = "Voskresensky, D. N.",
	title     = "{On the possibility of the condensation of the charged rho
	meson field in dense isospin asymmetric baryon matter}",
	journal   = "Phys. Lett.",
	volume    = "B392",
	year      = "1997",
	pages     = "262-266",
	doi       = "10.1016/S0370-2693(96)01561-4",
	SLACcitation  = "%%CITATION = PHLTA,B392,262;%%"
}

@Article{Sannino:2002wp,
	author    = "Sannino, Francesco",
	title     = "{General structure of relativistic vector condensation}",
	journal   = "Phys. Rev.",
	volume    = "D67",
	year      = "2003",
	pages     = "054006",
	eprint    = "hep-ph/0211367",
	archivePrefix = "arXiv",
	doi       = "10.1103/PhysRevD.67.054006",
	SLACcitation  = "%%CITATION = HEP-PH/0211367;%%"
}

@Article{Aharony:2007uu,
	author    = "Aharony, Ofer and Peeters, Kasper and Sonnenschein, Jacob
	and Zamaklar, Marija",
	title     = "{Rho meson condensation at finite isospin chemical
	potential in a holographic model for QCD}",
	journal   = "JHEP",
	volume    = "02",
	year      = "2008",
	pages     = "071",
	eprint    = "0709.3948",
	archivePrefix = "arXiv",
	primaryClass  =  "hep-th",
	doi       = "10.1088/1126-6708/2008/02/071",
	SLACcitation  = "%%CITATION = 0709.3948;%%"
}

@Article{Beane:2007es,
	author    = "Beane, Silas R. and others",
	title     = "{Multi-Pion Systems in Lattice QCD and the Three-Pion
	Interaction}",
	journal   = "Phys. Rev. Lett.",
	volume    = "100",
	year      = "2008",
	pages     = "082004",
	eprint    = "0710.1827",
	archivePrefix = "arXiv",
	primaryClass  =  "hep-lat",
	doi       = "10.1103/PhysRevLett.100.082004",
	SLACcitation  = "%%CITATION = 0710.1827;%%"
}

@Article{Detmold:2008fn,
	author    = "Detmold, William and others",
	title     = "{Multi-Pion States in Lattice QCD and the Charged-Pion
	Condensate}",
	journal   = "Phys. Rev.",
	volume    = "D78",
	year      = "2008",
	pages     = "014507",
	eprint    = "0803.2728",
	archivePrefix = "arXiv",
	primaryClass  =  "hep-lat",
	doi       = "10.1103/PhysRevD.78.014507",
	SLACcitation  = "%%CITATION = 0803.2728;%%"
}

@Article{Detmold:2008yn,
	author    = "Detmold, William and Orginos, Kostas and Savage, Martin J.
	and Walker-Loud, Andre",
	title     = "{Kaon Condensation with Lattice QCD}",
	journal   = "Phys. Rev.",
	volume    = "D78",
	year      = "2008",
	pages     = "054514",
	eprint    = "0807.1856",
	archivePrefix = "arXiv",
	primaryClass  =  "hep-lat",
	doi       = "10.1103/PhysRevD.78.054514",
	SLACcitation  = "%%CITATION = 0807.1856;%%"
}

@Article{Lepage:1989hd,
	author    = "Lepage, G. Peter",
	title     = "{THE ANALYSIS OF ALGORITHMS FOR LATTICE FIELD THEORY}",
	note      = "Invited lectures given at TASI'89 Summer School, Boulder,
	CO, Jun 4-30, 1989"
}

@Article{Beane:2009gs,
	author    = "Beane, Silas R. and others",
	title     = "{High Statistics Analysis using Anisotropic Clover
	Lattices: (II) Three-Baryon Systems}",
	journal   = "Phys. Rev.",
	volume    = "D80",
	year      = "2009",
	pages     = "074501",
	eprint    = "0905.0466",
	archivePrefix = "arXiv",
	primaryClass  =  "hep-lat",
	doi       = "10.1103/PhysRevD.80.074501",
	SLACcitation  = "%%CITATION = 0905.0466;%%"
}

@Article{Sun:2007fc,
	author    = "Sun, Gao-feng and He, Lianyi and Zhuang, Pengfei",
	title     = "{BEC-BCS Crossover in the Nambu--Jona-Lasinio Model of
	QCD}",
	journal   = "Phys. Rev.",
	volume    = "D75",
	year      = "2007",
	pages     = "096004",
	eprint    = "hep-ph/0703159",
	archivePrefix = "arXiv",
	doi       = "10.1103/PhysRevD.75.096004",
	SLACcitation  = "%%CITATION = HEP-PH/0703159;%%"
}

@Article{Kim:2007gq,
	author    = "Kim, Kyung-Il and Kim, Youngman and Lee, Su Houng",
	title     = "{Isospin matter in AdS/QCD}",
	year      = "2007",
	eprint    = "0709.1772",
	archivePrefix = "arXiv",
	primaryClass  =  "hep-ph",
	SLACcitation  = "%%CITATION = 0709.1772;%%"
}

@Article{Detmold:2010au,
	author    = "Detmold, William and Savage, Martin J.",
	title     = "{A method to study complex systems of mesons in Lattice
	QCD}",
	journal   = "Phys. Rev.",
	volume    = "D82",
	year      = "2010",
	pages     = "014511",
	eprint    = "1001.2768",
	archivePrefix = "arXiv",
	primaryClass  =  "hep-lat",
	doi       = "10.1103/PhysRevD.82.014511",
	SLACcitation  = "%%CITATION = 1001.2768;%%"
}

@Article{Barducci:2004nc,
	author    = "Barducci, A. and Casalbuoni, R. and Pettini, G. and
	Ravagli, L.",
	title     = "{Pion and kaon condensation in a 3-flavor NJL model}",
	journal   = "Phys. Rev.",
	volume    = "D71",
	year      = "2005",
	pages     = "016011",
	eprint    = "hep-ph/0410250",
	archivePrefix = "arXiv",
	doi       = "10.1103/PhysRevD.71.016011",
	SLACcitation  = "%%CITATION = HEP-PH/0410250;%%"
}

@Article{Kogut:2001id,
	author    = "Kogut, J. B. and Toublan, D.",
	title     = "{QCD at small non-zero quark chemical potentials}",
	journal   = "Phys. Rev.",
	volume    = "D64",
	year      = "2001",
	pages     = "034007",
	eprint    = "hep-ph/0103271",
	archivePrefix = "arXiv",
	doi       = "10.1103/PhysRevD.64.034007",
	SLACcitation  = "%%CITATION = HEP-PH/0103271;%%"
}

@Article{Detmold:2011kw,
	author    = "Detmold, William and Smigielski, Brian",
	title     = "{Lattice QCD study of mixed systems of pions and kaons}",
	journal   = "Phys. Rev.",
	volume    = "D84",
	year      = "2011",
	pages     = "014508",
	eprint    = "1103.4362",
	archivePrefix = "arXiv",
	primaryClass  =  "hep-lat",
	doi       = "10.1103/PhysRevD.84.014508",
	SLACcitation  = "%%CITATION = 1103.4362;%%"
}

@Article{Smigielski:2008pa,
	author    = "Smigielski, Brian and Wasem, Joseph",
	title     = "{Ground-state energy shift of n pions and m kaons in a
	finite volume}",
	journal   = "Phys. Rev.",
	volume    = "D79",
	year      = "2009",
	pages     = "054506",
	eprint    = "0811.4392",
	archivePrefix = "arXiv",
	primaryClass  =  "hep-lat",
	doi       = "10.1103/PhysRevD.79.054506",
	SLACcitation  = "%%CITATION = 0811.4392;%%"
}

@Article{Norton:2003cb,
	author    = "Norton, P. R.",
	title     = "{The EMC effect}",
	journal   = "Rept. Prog. Phys.",
	volume    = "66",
	year      = "2003",
	pages     = "1253-1297",
	doi       = "10.1088/0034-4885/66/8/201",
	SLACcitation  = "%%CITATION = RPPHA,66,1253;%%"
}

@Article{Brommel:2006zz,
	author    = "Brommel, Dirk and others",
	title     = "{Quark distributions in the pion}",
	journal   = "PoS",
	volume    = "LAT2007",
	year      = "2007",
	pages     = "140",
	SLACcitation  = "%%CITATION = POSCI,LAT2007,140;%%"
}

@Article{Meinel:2010pv,
	author    = "Meinel, Stefan",
	title     = "{Bottomonium spectrum at order v^6 from domain-wall lattice
	QCD: precise results for hyperfine splittings}",
	journal   = "Phys. Rev.",
	volume    = "D82",
	year      = "2010",
	pages     = "114502",
	eprint    = "1007.3966",
	archivePrefix = "arXiv",
	primaryClass  =  "hep-lat",
	doi       = "10.1103/PhysRevD.82.114502",
	SLACcitation  = "%%CITATION = 1007.3966;%%"
}

@Article{Meinel:2010pw,
	author    = "Meinel, Stefan",
	title     = "{Prediction of the Omega_bbb mass from lattice QCD}",
	journal   = "Phys. Rev.",
	volume    = "D82",
	year      = "2010",
	pages     = "114514",
	eprint    = "1008.3154",
	archivePrefix = "arXiv",
	primaryClass  =  "hep-lat",
	doi       = "10.1103/PhysRevD.82.114514",
	SLACcitation  = "%%CITATION = 1008.3154;%%"
}

@Article{Horgan:2009ti,
	author    = "Horgan, R. R. and others",
	title     = "{Moving NRQCD for heavy-to-light form factors on the
	lattice}",
	journal   = "Phys. Rev.",
	volume    = "D80",
	year      = "2009",
	pages     = "074505",
	eprint    = "0906.0945",
	archivePrefix = "arXiv",
	primaryClass  =  "hep-lat",
	doi       = "10.1103/PhysRevD.80.074505",
	SLACcitation  = "%%CITATION = 0906.0945;%%"
}

@Article{Meinel:2008th,
	author    = "Meinel, Stefan and others",
	title     = "{Rare B decays with moving NRQCD and improved staggered
	quarks}",
	journal   = "PoS",
	volume    = "LATTICE2008",
	year      = "2008",
	pages     = "280",
	eprint    = "0810.0921",
	archivePrefix = "arXiv",
	primaryClass  =  "hep-lat",
	SLACcitation  = "%%CITATION = 0810.0921;%%"
}

@Article{Liu:2009dj,
	author    = "Liu, Zhaofeng and others",
	title     = "{Form factors for rare B decays: strategy, methodology, and
	numerical study}",
	journal   = "PoS",
	volume    = "LAT2009",
	year      = "2009",
	pages     = "242",
	eprint    = "0911.2370",
	archivePrefix = "arXiv",
	primaryClass  =  "hep-lat",
	SLACcitation  = "%%CITATION = 0911.2370;%%"
}

@Article{Liu:2011ra,
	author    = "Liu, Chien-Hao",
	title     = "{Azumaya noncommutative geometry and D-branes - an origin
	of the master nature of D-branes}",
	year      = "2011",
	eprint    = "1112.4317",
	archivePrefix = "arXiv",
	primaryClass  =  "math.AG",
	SLACcitation  = "%%CITATION = 1112.4317;%%"
}


