@article{Glatzmaier:2014sya,
      author         = "Glatzmaier, Michael J. and Liu, Keh-Fei and Yang, Yi-Bo",
      title          = "{Perturbative Renormalization and Mixing of Quark and
                        Glue Energy-Momentum Tensors on the Lattice}",
      journal        = "Phys. Rev.",
      volume         = "D95",
      year           = "2017",
      number         = "7",
      pages          = "074513",
      doi            = "10.1103/PhysRevD.95.074513",
      eprint         = "1403.7211",
      archivePrefix  = "arXiv",
      primaryClass   = "hep-lat",
      SLACcitation   = "%%CITATION = ARXIV:1403.7211;%%"
}
@article{Alexandrou:2016ekb,
      author         = "Alexandrou, Constantia and Constantinou, Martha and
                        Hadjiyiannakou, Kyriakos and Jansen, Karl and
                        Panagopoulos, Haralambos and Wiese, Christian",
      title          = "{Gluon momentum fraction of the nucleon from lattice
                        QCD}",
      journal        = "Phys. Rev.",
      volume         = "D96",
      year           = "2017",
      number         = "5",
      pages          = "054503",
      doi            = "10.1103/PhysRevD.96.054503",
      eprint         = "1611.06901",
      archivePrefix  = "arXiv",
      primaryClass   = "hep-lat",
      reportNumber   = "DESY-16-223",
      SLACcitation   = "%%CITATION = ARXIV:1611.06901;%%"
}
@article{Deka:2013zha,
      author         = "Deka, M. and others",
      title          = "{Lattice study of quark and glue momenta and angular
                        momenta in the nucleon}",
      journal        = "Phys. Rev.",
      volume         = "D91",
      year           = "2015",
      number         = "1",
      pages          = "014505",
      doi            = "10.1103/PhysRevD.91.014505",
      eprint         = "1312.4816",
      archivePrefix  = "arXiv",
      primaryClass   = "hep-lat",
      reportNumber   = "RIKEN-QHP-109",
      SLACcitation   = "%%CITATION = ARXIV:1312.4816;%%"
}
@article{Djawotho:2013pga,
      author         = "Djawotho, Pibero",
      title          = "{Gluon polarization and jet production at STAR}",
      booktitle      = "{Proceedings, 3rd Workshop on the QCD Structure of the
                        Nucleon (QCD-N'12): Bilbao, Spain, October 22-26, 2012}",
      collaboration  = "STAR",
      journal        = "Nuovo Cim.",
      volume         = "C036",
      year           = "2013",
      number         = "05",
      pages          = "35-38",
      eprint         = "1303.0543",
      archivePrefix  = "arXiv",
      primaryClass   = "nucl-ex",
      SLACcitation   = "%%CITATION = ARXIV:1303.0543;%%"
}
@article{Adare:2014hsq,
      author         = "Adare, A. and others",
      title          = "{Inclusive double-helicity asymmetries in neutral-pion
                        and eta-meson production in $\vec{p}+\vec{p}$ collisions
                        at $\sqrt{s}=200$ GeV}",
      collaboration  = "PHENIX",
      journal        = "Phys. Rev.",
      volume         = "D90",
      year           = "2014",
      number         = "1",
      pages          = "012007",
      eprint         = "1402.6296",
      archivePrefix  = "arXiv",
      primaryClass   = "hep-ex",
      SLACcitation   = "%%CITATION = ARXIV:1402.6296;%%"
}
@article{Accardi:2012qut,
      author         = "Accardi, A. and others",
      editor         = "Deshpande, A. and Meziani, Z. E. and Qiu, J. W.",
      title          = "{Electron Ion Collider: The Next QCD Frontier}",
      journal        = "Eur. Phys. J.",
      volume         = "A52",
      year           = "2016",
      number         = "9",
      pages          = "268",
      doi            = "10.1140/epja/i2016-16268-9",
      eprint         = "1212.1701",
      archivePrefix  = "arXiv",
      primaryClass   = "nucl-ex",
      reportNumber   = "BNL-98815-2012-JA, JLAB-PHY-12-1652",
      SLACcitation   = "%%CITATION = ARXIV:1212.1701;%%"
}


@article{Kalantarians:2014eda,
      author         = "Kalantarians, N.",
      title          = "{Tensor Polarized Deuteron at an Electron-Ion Collider}",
      booktitle      = "{Proceedings, Tensor Polarized Solid Target Workshop:
                        Newport News, USA, March 10-12, 2014}",
      journal        = "J. Phys. Conf. Ser.",
      volume         = "543",
      year           = "2014",
      number         = "1",
      pages          = "012008",
      doi            = "10.1088/1742-6596/543/1/012008",
      SLACcitation   = "%%CITATION = 00462,543,012008;%%"
}


@article{Geesaman:2015fha,
      author         = "Aprahamian, Ani and others",
      title          = "{Reaching for the horizon: The 2015 long range plan for
                        nuclear science}",
      year           = "2015",
      SLACcitation   = "%%CITATION = INSPIRE-1398831;%%"
}



@MISC{JLAB.LOI,
	*** Non-standard form, no INSPIRE lookup performed ***
}

@article{Hattawy:2017woc,
      author         = "Hattawy, M. and others",
      title          = "{First Exclusive Measurement of Deeply Virtual Compton
                        Scattering off $^4$He: Toward the 3D Tomography of
                        Nuclei}",
      collaboration  = "CLAS",
      journal        = "Phys. Rev. Lett.",
      volume         = "119",
      year           = "2017",
      number         = "20",
      pages          = "202004",
      doi            = "10.1103/PhysRevLett.119.202004",
      eprint         = "1707.03361",
      archivePrefix  = "arXiv",
      primaryClass   = "nucl-ex",
      reportNumber   = "JLAB-PHY-17-2543",
      SLACcitation   = "%%CITATION = ARXIV:1707.03361;%%"
}


@article{Dobbs:2017vjw,
      author         = "Dobbs, Sean",
      title          = "{Searching for Hybrid Mesons with GlueX}",
      booktitle      = "{Proceedings, 17th International Conference on Hadron
                        Spectroscopy and Structure (Hadron 2017): Salamanca,
                        Spain, September 25-29, 2017}",
      collaboration  = "GlueX",
      journal        = "PoS",
      volume         = "Hadron2017",
      year           = "2018",
      pages          = "047",
      eprint         = "1712.07214",
      archivePrefix  = "arXiv",
      primaryClass   = "nucl-ex",
      SLACcitation   = "%%CITATION = ARXIV:1712.07214;%%"
}


@article{Baltz:2007kq,
      author         = "Baltz, A. J.",
      editor         = "Baur, G. and d'Enterria, D. and Frankfurt, L. and Gelis,
                        F. and Guzey, V. and Hencken, K. and Kharlov, Yu. and
                        Klasen, M. and Klein, S. R. and Nikulin, V. and others ",
      title          = "{The Physics of Ultraperipheral Collisions at the LHC}",
      journal        = "Phys. Rept.",
      volume         = "458",
      year           = "2008",
      pages          = "1-171",
      doi            = "10.1016/j.physrep.2007.12.001",
      eprint         = "0706.3356",
      archivePrefix  = "arXiv",
      primaryClass   = "nucl-ex",
      SLACcitation   = "%%CITATION = ARXIV:0706.3356;%%"
}



%%% contains utf-8, see: https://inspirehep.net/info/faq/general#utf8
%%% add \usepackage[utf8]{inputenc} to your latex preamble

@article{Alexandrou:2017oeh,
      author         = "Alexandrou, C. and Constantinou, M. and Hadjiyiannakou,
                        K. and Jansen, K. and Kallidonis, C. and Koutsou, G. and
                        Vaquero Avil√©s-Casco, A. and Wiese, C.",
      title          = "{Nucleon Spin and Momentum Decomposition Using Lattice
                        QCD Simulations}",
      journal        = "Phys. Rev. Lett.",
      volume         = "119",
      year           = "2017",
      number         = "14",
      pages          = "142002",
      doi            = "10.1103/PhysRevLett.119.142002",
      eprint         = "1706.02973",
      archivePrefix  = "arXiv",
      primaryClass   = "hep-lat",
      reportNumber   = "DESY-17-086",
      SLACcitation   = "%%CITATION = ARXIV:1706.02973;%%"
}


@article{Yang:2016plb,
      author         = "Yang, Yi-Bo and Sufian, Raza Sabbir and Alexandru, Andrei
                        and Draper, Terrence and Glatzmaier, Michael J. and Liu,
                        Keh-Fei and Zhao, Yong",
      title          = "{Glue Spin and Helicity in the Proton from Lattice QCD}",
      journal        = "Phys. Rev. Lett.",
      volume         = "118",
      year           = "2017",
      number         = "10",
      pages          = "102001",
      doi            = "10.1103/PhysRevLett.118.102001",
      eprint         = "1609.05937",
      archivePrefix  = "arXiv",
      primaryClass   = "hep-ph",
      SLACcitation   = "%%CITATION = ARXIV:1609.05937;%%"
}


@article{Detmold:2016gpy,
      author         = "Detmold, W. and Shanahan, P. E.",
      title          = "{Gluonic Transversity from Lattice QCD}",
      journal        = "Phys. Rev.",
      volume         = "D94",
      year           = "2016",
      number         = "1",
      pages          = "014507",
      doi            = "10.1103/PhysRevD.95.079902, 10.1103/PhysRevD.94.014507",
      note           = "[Erratum: Phys. Rev.D95,no.7,079902(2017)]",
      eprint         = "1606.04505",
      archivePrefix  = "arXiv",
      primaryClass   = "hep-lat",
      reportNumber   = "MIT-CTP-4811, INT-PUB-16-017",
      SLACcitation   = "%%CITATION = ARXIV:1606.04505;%%"
}


@article{Detmold:2017oqb,
      author         = "Detmold, W. and Pefkou, D. and Shanahan, P. E.",
      title          = "{Off-forward gluonic structure of vector mesons}",
      journal        = "Phys. Rev.",
      volume         = "D95",
      year           = "2017",
      number         = "11",
      pages          = "114515",
      doi            = "10.1103/PhysRevD.95.114515",
      eprint         = "1703.08220",
      archivePrefix  = "arXiv",
      primaryClass   = "hep-lat",
      reportNumber   = "MIT-CTP-4894",
      SLACcitation   = "%%CITATION = ARXIV:1703.08220;%%"
}


@article{Winter:2017bfs,
      author         = "Winter, Frank and Detmold, William and Gambhir, Arjun S.
                        and Orginos, Kostas and Savage, Martin J. and Shanahan,
                        Phiala E. and Wagman, Michael L.",
      title          = "{First lattice QCD study of the gluonic structure of
                        light nuclei}",
      journal        = "Phys. Rev.",
      volume         = "D96",
      year           = "2017",
      number         = "9",
      pages          = "094512",
      doi            = "10.1103/PhysRevD.96.094512",
      eprint         = "1709.00395",
      archivePrefix  = "arXiv",
      primaryClass   = "hep-lat",
      reportNumber   = "INT-PUB-17-035, MIT-CTP-4932, JLAB-THY-17-2540",
      SLACcitation   = "%%CITATION = ARXIV:1709.00395;%%"
}


@article{Meyer:2007tm,
      author         = "Meyer, Harvey B. and Negele, John W.",
      title          = "{Gluon contributions to the pion mass and light cone
                        momentum fraction}",
      journal        = "Phys. Rev.",
      volume         = "D77",
      year           = "2008",
      pages          = "037501",
      doi            = "10.1103/PhysRevD.77.037501",
      eprint         = "0707.3225",
      archivePrefix  = "arXiv",
      primaryClass   = "hep-lat",
      reportNumber   = "MIT-CTP-3840",
      SLACcitation   = "%%CITATION = ARXIV:0707.3225;%%"
}


@article{Horsley:2012pz,
      author         = "Horsley, R. and Millo, R. and Nakamura, Y. and Perlt, H.
                        and Pleiter, D. and Rakow, P. E. L. and Schierholz, G. and
                        Schiller, A. and Winter, F. and Zanotti, J. M.",
      title          = "{A Lattice Study of the Glue in the Nucleon}",
      collaboration  = "UKQCD, QCDSF",
      journal        = "Phys. Lett.",
      volume         = "B714",
      year           = "2012",
      pages          = "312-316",
      doi            = "10.1016/j.physletb.2012.07.004",
      eprint         = "1205.6410",
      archivePrefix  = "arXiv",
      primaryClass   = "hep-lat",
      reportNumber   = "ADP-12-24-T791, DESY-12-079, EDINBURGH-2012-06,
                        LIVERPOOL-LTH-945",
      SLACcitation   = "%%CITATION = ARXIV:1205.6410;%%"
}


@article{Alexandrou:2013tfa,
      author         = "Alexandrou, Constantia and Drach, Vincent and
                        Hadjiyiannakou, Kyriakos and Jansen, Karl and Kostrzewa,
                        Bartosz and Wiese, Christian",
      title          = "{Looking at the gluon moment of the nucleon with
                        dynamical twisted mass fermions}",
      booktitle      = "{Proceedings, 31st International Symposium on Lattice
                        Field Theory (Lattice 2013): Mainz, Germany, July
                        29-August 3, 2013}",
      journal        = "PoS",
      volume         = "LATTICE2013",
      year           = "2014",
      pages          = "289",
      eprint         = "1311.3174",
      archivePrefix  = "arXiv",
      primaryClass   = "hep-lat",
      reportNumber   = "DESY-13-210, SFB-CPP-13-90, HU-EP-13-65",
      SLACcitation   = "%%CITATION = ARXIV:1311.3174;%%"
}


@article{Pohl:2010zza,
      author         = "Pohl, Randolf and others",
      title          = "{The size of the proton}",
      journal        = "Nature",
      volume         = "466",
      year           = "2010",
      pages          = "213-216",
      doi            = "10.1038/nature09250",
      SLACcitation   = "%%CITATION = NATUA,466,213;%%"
}


@article{Antognini:1900ns,
      author         = "Antognini, Aldo and others",
      title          = "{Proton Structure from the Measurement of $2S-2P$
                        Transition Frequencies of Muonic Hydrogen}",
      journal        = "Science",
      volume         = "339",
      year           = "2013",
      pages          = "417-420",
      doi            = "10.1126/science.1230016",
      SLACcitation   = "%%CITATION = SCIEA,339,417;%%"
}


@article{Lorenz:2012tm,
      author         = "Lorenz, I. T. and Hammer, H. -W. and Meissner, Ulf-G.",
      title          = "{The size of the proton - closing in on the radius
                        puzzle}",
      journal        = "Eur. Phys. J.",
      volume         = "A48",
      year           = "2012",
      pages          = "151",
      doi            = "10.1140/epja/i2012-12151-1",
      eprint         = "1205.6628",
      archivePrefix  = "arXiv",
      primaryClass   = "hep-ph",
      SLACcitation   = "%%CITATION = ARXIV:1205.6628;%%"
}


@article{Pohl:2013yb,
      author         = "Pohl, Randolf and Gilman, Ronald and Miller, Gerald A.
                        and Pachucki, Krzysztof",
      title          = "{Muonic hydrogen and the proton radius puzzle}",
      journal        = "Ann. Rev. Nucl. Part. Sci.",
      volume         = "63",
      year           = "2013",
      pages          = "175-204",
      doi            = "10.1146/annurev-nucl-102212-170627",
      eprint         = "1301.0905",
      archivePrefix  = "arXiv",
      primaryClass   = "physics.atom-ph",
      SLACcitation   = "%%CITATION = ARXIV:1301.0905;%%"
}


@article{Carlson:2015jba,
      author         = "Carlson, Carl E.",
      title          = "{The Proton Radius Puzzle}",
      journal        = "Prog. Part. Nucl. Phys.",
      volume         = "82",
      year           = "2015",
      pages          = "59-77",
      doi            = "10.1016/j.ppnp.2015.01.002",
      eprint         = "1502.05314",
      archivePrefix  = "arXiv",
      primaryClass   = "hep-ph",
      SLACcitation   = "%%CITATION = ARXIV:1502.05314;%%"
}


@article{Higinbotham:2015rja,
      author         = "Higinbotham, Douglas W. and Kabir, Al Amin and Lin,
                        Vincent and Meekins, David and Norum, Blaine and Sawatzky,
                        Brad",
      title          = "{Proton radius from electron scattering data}",
      journal        = "Phys. Rev.",
      volume         = "C93",
      year           = "2016",
      number         = "5",
      pages          = "055207",
      doi            = "10.1103/PhysRevC.93.055207",
      eprint         = "1510.01293",
      archivePrefix  = "arXiv",
      primaryClass   = "nucl-ex",
      reportNumber   = "JLAB-PHY-16-2",
      SLACcitation   = "%%CITATION = ARXIV:1510.01293;%%"
}


@article{Hill:2017wzi,
      author         = "Hill, Richard J.",
      title          = "{Review of Experimental and Theoretical Status of the
                        Proton Radius Puzzle}",
      booktitle      = "{Proceedings, 12th Conference on Quark Confinement and
                        the Hadron Spectrum (Confinement XII): Thessaloniki,
                        Greece}",
      journal        = "EPJ Web Conf.",
      volume         = "137",
      year           = "2017",
      pages          = "01023",
      doi            = "10.1051/epjconf/201713701023",
      eprint         = "1702.01189",
      archivePrefix  = "arXiv",
      primaryClass   = "hep-ph",
      reportNumber   = "FERMILAB-CONF-17-040-T",
      SLACcitation   = "%%CITATION = ARXIV:1702.01189;%%"
}


@article{Bissey:2006bz,
      author         = "Bissey, F. and Cao, F-G. and Kitson, A. R. and Signal, A.
                        I. and Leinweber, D. B. and Lasscock, B. G. and Williams,
                        A. G.",
      title          = "{Gluon flux-tube distribution and linear confinement in
                        baryons}",
      journal        = "Phys. Rev.",
      volume         = "D76",
      year           = "2007",
      pages          = "114512",
      doi            = "10.1103/PhysRevD.76.114512",
      eprint         = "hep-lat/0606016",
      archivePrefix  = "arXiv",
      primaryClass   = "hep-lat",
      reportNumber   = "ADP-06-04-T635",
      SLACcitation   = "%%CITATION = HEP-LAT/0606016;%%"
}


@article{Chudakov:2016otl,
      author         = "Chudakov, E. and Higinbotham, D. and Hyde, Ch. and
                        Furletov, S. and Furletova, {\relax Yu}. and Nguyen, D.
                        and Stratmann, M. and Strikman, M. and Weiss, C. and
                        Yoshida, R.",
      title          = "{Probing nuclear gluons with heavy quarks at EIC}",
      booktitle      = "{Proceedings, 24th International Workshop on
                        Deep-Inelastic Scattering and Related Subjects (DIS 2016):
                        Hamburg, Germany, April 11-15, 2016}",
      journal        = "PoS",
      volume         = "DIS2016",
      year           = "2016",
      pages          = "143",
      eprint         = "1608.08686",
      archivePrefix  = "arXiv",
      primaryClass   = "hep-ph",
      reportNumber   = "JLAB-THY-16-2329",
      SLACcitation   = "%%CITATION = ARXIV:1608.08686;%%"
}


@article{Lin:2014zya,
      author         = "Lin, Huey-Wen and Chen, Jiunn-Wei and Cohen, Saul D. and
                        Ji, Xiangdong",
      title          = "{Flavor Structure of the Nucleon Sea from Lattice QCD}",
      journal        = "Phys. Rev.",
      volume         = "D91",
      year           = "2015",
      pages          = "054510",
      doi            = "10.1103/PhysRevD.91.054510",
      eprint         = "1402.1462",
      archivePrefix  = "arXiv",
      primaryClass   = "hep-ph",
      reportNumber   = "NT@UW-14-03, INT-PUB-14-002",
      SLACcitation   = "%%CITATION = ARXIV:1402.1462;%%"
}


@article{Alexandrou:2015rja,
      author         = "Alexandrou, Constantia and Cichy, Krzysztof and Drach,
                        Vincent and Garcia-Ramos, Elena and Hadjiyiannakou,
                        Kyriakos and Jansen, Karl and Steffens, Fernanda and
                        Wiese, Christian",
      title          = "{Lattice calculation of parton distributions}",
      journal        = "Phys. Rev.",
      volume         = "D92",
      year           = "2015",
      pages          = "014502",
      doi            = "10.1103/PhysRevD.92.014502",
      eprint         = "1504.07455",
      archivePrefix  = "arXiv",
      primaryClass   = "hep-lat",
      reportNumber   = "SFB-CPP-14-124, DESY-15-059, CP3-ORIGINS-2015-013-DNRF90,
                        DIAS-2015-13",
      SLACcitation   = "%%CITATION = ARXIV:1504.07455;%%"
}


@article{Patrignani:2016xqp,
      author         = "Patrignani, C. and others",
      title          = "{Review of Particle Physics}",
      collaboration  = "Particle Data Group",
      journal        = "Chin. Phys.",
      volume         = "C40",
      year           = "2016",
      number         = "10",
      pages          = "100001",
      doi            = "10.1088/1674-1137/40/10/100001",
      SLACcitation   = "%%CITATION = CHPHD,C40,100001;%%"
}


@article{Shepherd:2016dni,
      author         = "Shepherd, Matthew R. and Dudek, Jozef J. and Mitchell,
                        Ryan E.",
      title          = "{Searching for the rules that govern hadron
                        construction}",
      journal        = "Nature",
      volume         = "534",
      year           = "2016",
      number         = "7608",
      pages          = "487-493",
      doi            = "10.1038/nature18011",
      eprint         = "1802.08131",
      archivePrefix  = "arXiv",
      primaryClass   = "hep-ph",
      reportNumber   = "JLAB-THY-16-2286",
      SLACcitation   = "%%CITATION = ARXIV:1802.08131;%%"
}

@article{Dulat:2015mca,
	author         = "Dulat, Sayipjamal and Hou, Tie-Jiun and Gao, Jun and
	Guzzi, Marco and Huston, Joey and Nadolsky, Pavel and
	Pumplin, Jon and Schmidt, Carl and Stump, Daniel and Yuan,
	C. P.",
	title          = "{New parton distribution functions from a global analysis
	of quantum chromodynamics}",
	journal        = "Phys. Rev.",
	volume         = "D93",
	year           = "2016",
	number         = "3",
	pages          = "033006",
	doi            = "10.1103/PhysRevD.93.033006",
	eprint         = "1506.07443",
	archivePrefix  = "arXiv",
	primaryClass   = "hep-ph",
	SLACcitation   = "%%CITATION = ARXIV:1506.07443;%%"
}

@article{deFlorian:2014yva,
	author         = "de Florian, Daniel and Sassot, Rodolfo and Stratmann,
	Marco and Vogelsang, Werner",
	title          = "{Evidence for polarization of gluons in the proton}",
	journal        = "Phys. Rev. Lett.",
	volume         = "113",
	year           = "2014",
	number         = "1",
	pages          = "012001",
	doi            = "10.1103/PhysRevLett.113.012001",
	eprint         = "1404.4293",
	archivePrefix  = "arXiv",
	primaryClass   = "hep-ph",
	SLACcitation   = "%%CITATION = ARXIV:1404.4293;%%"
}

@article{Diehl:2003ny,
	author         = "Diehl, M.",
	title          = "{Generalized parton distributions}",
	journal        = "Phys. Rept.",
	volume         = "388",
	year           = "2003",
	pages          = "41-277",
	doi            = "10.1016/j.physrep.2003.08.002,
	10.3204/DESY-THESIS-2003-018",
	eprint         = "hep-ph/0307382",
	archivePrefix  = "arXiv",
	primaryClass   = "hep-ph",
	reportNumber   = "DESY-THESIS-2003-018",
	SLACcitation   = "%%CITATION = HEP-PH/0307382;%%"
}

@article{Engelhardt:2017miy,
	author         = "Engelhardt, M.",
	title          = "{Quark orbital dynamics in the proton from Lattice QCD --
	from Ji to Jaffe-Manohar orbital angular momentum}",
	journal        = "Phys. Rev.",
	volume         = "D95",
	year           = "2017",
	number         = "9",
	pages          = "094505",
	doi            = "10.1103/PhysRevD.95.094505",
	eprint         = "1701.01536",
	archivePrefix  = "arXiv",
	primaryClass   = "hep-lat",
	SLACcitation   = "%%CITATION = ARXIV:1701.01536;%%"
}

@article{Maxwell:2018gci,
	author         = "Maxwell, J. and others",
	title          = "{Search for Exotic Gluonic States in the Nucleus, A
	Letter of Intent to Jefferson Lab PAC 44}",
	year           = "2018",
	eprint         = "1803.11206",
	archivePrefix  = "arXiv",
	primaryClass   = "nucl-ex",
	SLACcitation   = "%%CITATION = ARXIV:1803.11206;%%"


@article{Dudek:2011bn,
      author         = "Dudek, Jozef J.",
      title          = "{The lightest hybrid meson supermultiplet in QCD}",
      journal        = "Phys. Rev.",
      volume         = "D84",
      year           = "2011",
      pages          = "074023",
      doi            = "10.1103/PhysRevD.84.074023",
      eprint         = "1106.5515",
      archivePrefix  = "arXiv",
      primaryClass   = "hep-ph",
      reportNumber   = "JLAB-THY-11-1387",
      SLACcitation   = "%%CITATION = ARXIV:1106.5515;%%"
}