@article{Mai:2018djl,
	author         = "Mai, Maxim and Doring, Michael",
	title          = "{Finite-Volume Spectrum of $\pi^+\pi^+$ and
	$\pi^+\pi^+\pi^+$ Systems}",
	journal        = "Phys. Rev. Lett.",
	volume         = "122",
	year           = "2019",
	number         = "6",
	pages          = "062503",
	doi            = "10.1103/PhysRevLett.122.062503",
	eprint         = "1807.04746",
	archivePrefix  = "arXiv",
	primaryClass   = "hep-lat",
	reportNumber   = "JLAB-THY-18-2767",
	SLACcitation   = "%%CITATION = ARXIV:1807.04746;%%"
}

@article{Mai:2017bge,
	author         = "Mai, M. and Döring, M.",
	title          = "{Three-body Unitarity in the Finite Volume}",
	journal        = "Eur. Phys. J.",
	volume         = "A53",
	year           = "2017",
	number         = "12",
	pages          = "240",
	doi            = "10.1140/epja/i2017-12440-1",
	eprint         = "1709.08222",
	archivePrefix  = "arXiv",
	primaryClass   = "hep-lat",
	reportNumber   = "JLAB-THY-17-2554",
	SLACcitation   = "%%CITATION = ARXIV:1709.08222;%%"
}

@article{Choi:2003ue,
	author         = "Choi, S. K. and others",
	title          = "{Observation of a narrow charmonium - like state in
	exclusive B+- ---> K+- pi+ pi- J / psi decays}",
	collaboration  = "Belle",
	journal        = "Phys. Rev. Lett.",
	volume         = "91",
	year           = "2003",
	pages          = "262001",
	doi            = "10.1103/PhysRevLett.91.262001",
	eprint         = "hep-ex/0309032",
	archivePrefix  = "arXiv",
	primaryClass   = "hep-ex",
	SLACcitation   = "%%CITATION = HEP-EX/0309032;%%"
}

@article{Andersen:2017una,
      author         = "Andersen, Christian Walther and Bulava, John and Hörz,
                        Ben and Morningstar, Colin",
      title          = "{Elastic $I=3/2 p$-wave nucleon-pion scattering amplitude
                        and the $\Delta$(1232) resonance from N$_f$=2+1 lattice
                        QCD}",
      journal        = "Phys. Rev.",
      volume         = "D97",
      year           = "2018",
      number         = "1",
      pages          = "014506",
      doi            = "10.1103/PhysRevD.97.014506",
      eprint         = "1710.01557",
      archivePrefix  = "arXiv",
      primaryClass   = "hep-lat",
      reportNumber   = "CP3-ORIGINS-2017-040, MITP-17-063",
      SLACcitation   = "%%CITATION = ARXIV:1710.01557;%%"
}

@article{Briceno:2018aml,
      author         = "Brice\~no, Ra\'ul A. and Hansen, Maxwell T. and Sharpe,
                        Stephen R.",
      title          = "{Three-particle systems with resonant subprocesses in a
                        finite volume}",
      journal        = "Phys. Rev.",
      volume         = "D99",
      year           = "2019",
      number         = "1",
      pages          = "014516",
      doi            = "10.1103/PhysRevD.99.014516",
      eprint         = "1810.01429",
      archivePrefix  = "arXiv",
      primaryClass   = "hep-lat",
      reportNumber   = "JLAB-THY-18-2819",
      SLACcitation   = "%%CITATION = ARXIV:1810.01429;%%"
}
@article{Doring:2018xxx,
      author         = "Döring, M. and Hammer, H. W. and Mai, M. and Pang, J. -Y
                        and Rusetsky, A. and Wu, J.",
      title          = "{Three-body spectrum in a finite volume: the role of
                        cubic symmetry}",
      journal        = "Phys. Rev.",
      volume         = "D97",
      year           = "2018",
      number         = "11",
      pages          = "114508",
      doi            = "10.1103/PhysRevD.97.114508",
      eprint         = "1802.03362",
      archivePrefix  = "arXiv",
      primaryClass   = "hep-lat",
      reportNumber   = "JLAB-THY-18-2646",
      SLACcitation   = "%%CITATION = ARXIV:1802.03362;%%"
}
@article{Hansen:2014eka,
      author         = "Hansen, Maxwell T. and Sharpe, Stephen R.",
      title          = "{Relativistic, model-independent, three-particle
                        quantization condition}",
      journal        = "Phys. Rev.",
      volume         = "D90",
      year           = "2014",
      number         = "11",
      pages          = "116003",
      doi            = "10.1103/PhysRevD.90.116003",
      eprint         = "1408.5933",
      archivePrefix  = "arXiv",
      primaryClass   = "hep-lat",
      SLACcitation   = "%%CITATION = ARXIV:1408.5933;%%"
}
@article{Hansen:2015zga,
      author         = "Hansen, Maxwell T. and Sharpe, Stephen R.",
      title          = "{Expressing the three-particle finite-volume spectrum in
                        terms of the three-to-three scattering amplitude}",
      journal        = "Phys. Rev.",
      volume         = "D92",
      year           = "2015",
      number         = "11",
      pages          = "114509",
      doi            = "10.1103/PhysRevD.92.114509",
      eprint         = "1504.04248",
      archivePrefix  = "arXiv",
      primaryClass   = "hep-lat",
      SLACcitation   = "%%CITATION = ARXIV:1504.04248;%%"
}
@article{Polejaeva:2012ut,
      author         = "Polejaeva, K. and Rusetsky, A.",
      title          = "{Three particles in a finite volume}",
      journal        = "Eur. Phys. J.",
      volume         = "A48",
      year           = "2012",
      pages          = "67",
      doi            = "10.1140/epja/i2012-12067-8",
      eprint         = "1203.1241",
      archivePrefix  = "arXiv",
      primaryClass   = "hep-lat",
      SLACcitation   = "%%CITATION = ARXIV:1203.1241;%%"
}


@article{Meyer:2015eta,
      author         = "Meyer, C. A. and Swanson, E. S.",
      title          = "{Hybrid Mesons}",
      journal        = "Prog. Part. Nucl. Phys.",
      volume         = "82",
      year           = "2015",
      pages          = "21-58",
      doi            = "10.1016/j.ppnp.2015.03.001",
      eprint         = "1502.07276",
      archivePrefix  = "arXiv",
      primaryClass   = "hep-ph",
      SLACcitation   = "%%CITATION = ARXIV:1502.07276;%%"
}


@article{Lebed:2016hpi,
      author         = "Lebed, Richard F. and Mitchell, Ryan E. and Swanson, Eric
                        S.",
      title          = "{Heavy-Quark QCD Exotica}",
      journal        = "Prog. Part. Nucl. Phys.",
      volume         = "93",
      year           = "2017",
      pages          = "143-194",
      doi            = "10.1016/j.ppnp.2016.11.003",
      eprint         = "1610.04528",
      archivePrefix  = "arXiv",
      primaryClass   = "hep-ph",
      SLACcitation   = "%%CITATION = ARXIV:1610.04528;%%"
}


@article{Duncan:1996xy,
      author         = "Duncan, A. and Eichten, E. and Thacker, H.",
      title          = "{Electromagnetic splittings and light quark masses in
                        lattice QCD}",
      journal        = "Phys. Rev. Lett.",
      volume         = "76",
      year           = "1996",
      pages          = "3894-3897",
      doi            = "10.1103/PhysRevLett.76.3894",
      eprint         = "hep-lat/9602005",
      archivePrefix  = "arXiv",
      primaryClass   = "hep-lat",
      reportNumber   = "FERMILAB-PUB-96-016-T",
      SLACcitation   = "%%CITATION = HEP-LAT/9602005;%%"
}


@article{Blum:2007cy,
      author         = "Blum, Thomas and Doi, Takumi and Hayakawa, Masashi and
                        Izubuchi, Taku and Yamada, Norikazu",
      title          = "{Determination of light quark masses from the
                        electromagnetic splitting of pseudoscalar meson masses
                        computed with two flavors of domain wall fermions}",
      journal        = "Phys. Rev.",
      volume         = "D76",
      year           = "2007",
      pages          = "114508",
      doi            = "10.1103/PhysRevD.76.114508",
      eprint         = "0708.0484",
      archivePrefix  = "arXiv",
      primaryClass   = "hep-lat",
      reportNumber   = "KANAZAWA-07-11, KEK-CP-189, RBRC-636",
      SLACcitation   = "%%CITATION = ARXIV:0708.0484;%%"
}


@article{Borsanyi:2014jba,
      author         = "Borsanyi, Sz. and others",
      title          = "{Ab initio calculation of the neutron-proton mass
                        difference}",
      journal        = "Science",
      volume         = "347",
      year           = "2015",
      pages          = "1452-1455",
      doi            = "10.1126/science.1257050",
      eprint         = "1406.4088",
      archivePrefix  = "arXiv",
      primaryClass   = "hep-lat",
      SLACcitation   = "%%CITATION = ARXIV:1406.4088;%%"
}


@article{Horsley:2015eaa,
      author         = "Horsley, R. and others",
      title          = "{Isospin splittings of meson and baryon masses from
                        three-flavor lattice QCD + QED}",
      journal        = "J. Phys.",
      volume         = "G43",
      year           = "2016",
      number         = "10",
      pages          = "10LT02",
      doi            = "10.1088/0954-3899/43/10/10LT02",
      eprint         = "1508.06401",
      archivePrefix  = "arXiv",
      primaryClass   = "hep-lat",
      reportNumber   = "ADP-15-28-T930, DESY-15-153, EDINBURGH-2015-18,
                        LIVERPOOL-LTH-1053",
      SLACcitation   = "%%CITATION = ARXIV:1508.06401;%%"
}


@article{Blum:2010ym,
      author         = "Blum, T. and Zhou, R. and Doi, T. and Hayakawa, M. and
                        Izubuchi, T. and Uno, S. and Yamada, N.",
      title          = "{Electromagnetic mass splittings of the low lying hadrons
                        and quark masses from 2+1 flavor lattice QCD+QED}",
      journal        = "Phys. Rev.",
      volume         = "D82",
      year           = "2010",
      pages          = "094508",
      doi            = "10.1103/PhysRevD.82.094508",
      eprint         = "1006.1311",
      archivePrefix  = "arXiv",
      primaryClass   = "hep-lat",
      reportNumber   = "KEK-CP-235, RBRC-844",
      SLACcitation   = "%%CITATION = ARXIV:1006.1311;%%"
}


@article{Aoki:2012st,
      author         = "Aoki, S. and others",
      title          = "{1+1+1 flavor QCD + QED simulation at the physical
                        point}",
      journal        = "Phys. Rev.",
      volume         = "D86",
      year           = "2012",
      pages          = "034507",
      doi            = "10.1103/PhysRevD.86.034507",
      eprint         = "1205.2961",
      archivePrefix  = "arXiv",
      primaryClass   = "hep-lat",
      reportNumber   = "UTCCS-P-66",
      SLACcitation   = "%%CITATION = ARXIV:1205.2961;%%"
}


@article{deDivitiis:2013xla,
      author         = "de Divitiis, G. M. and Frezzotti, R. and Lubicz, V. and
                        Martinelli, G. and Petronzio, R. and Rossi, G. C. and
                        Sanfilippo, F. and Simula, S. and Tantalo, N.",
      title          = "{Leading isospin breaking effects on the lattice}",
      collaboration  = "RM123",
      journal        = "Phys. Rev.",
      volume         = "D87",
      year           = "2013",
      number         = "11",
      pages          = "114505",
      doi            = "10.1103/PhysRevD.87.114505",
      eprint         = "1303.4896",
      archivePrefix  = "arXiv",
      primaryClass   = "hep-lat",
      SLACcitation   = "%%CITATION = ARXIV:1303.4896;%%"
}


@article{Patrignani:2016xqp,
      author         = "Patrignani, C. and others",
      title          = "{Review of Particle Physics}",
      collaboration  = "Particle Data Group",
      journal        = "Chin. Phys.",
      volume         = "C40",
      year           = "2016",
      number         = "10",
      pages          = "100001",
      doi            = "10.1088/1674-1137/40/10/100001",
      SLACcitation   = "%%CITATION = CHPHD,C40,100001;%%"
}


@article{Dudek:2010wm,
      author         = "Dudek, Jozef J. and Edwards, Robert G. and Peardon,
                        Michael J. and Richards, David G. and Thomas, Christopher
                        E.",
      title          = "{Toward the excited meson spectrum of dynamical QCD}",
      journal        = "Phys. Rev.",
      volume         = "D82",
      year           = "2010",
      pages          = "034508",
      doi            = "10.1103/PhysRevD.82.034508",
      eprint         = "1004.4930",
      archivePrefix  = "arXiv",
      primaryClass   = "hep-ph",
      reportNumber   = "JLAB-THY-10-1171",
      SLACcitation   = "%%CITATION = ARXIV:1004.4930;%%"
}


@article{Dudek:2013yja,
      author         = "Dudek, Jozef J. and Edwards, Robert G. and Guo, Peng and
                        Thomas, Christopher E.",
      title          = "{Toward the excited isoscalar meson spectrum from lattice
                        QCD}",
      collaboration  = "Hadron Spectrum",
      journal        = "Phys. Rev.",
      volume         = "D88",
      year           = "2013",
      number         = "9",
      pages          = "094505",
      doi            = "10.1103/PhysRevD.88.094505",
      eprint         = "1309.2608",
      archivePrefix  = "arXiv",
      primaryClass   = "hep-lat",
      reportNumber   = "JLAB-THY-13-1786, TCDMATH-13-11",
      SLACcitation   = "%%CITATION = ARXIV:1309.2608;%%"
}


@article{Liu:2012ze,
      author         = "Liu, Liuming and Moir, Graham and Peardon, Michael and
                        Ryan, Sinead M. and Thomas, Christopher E. and Vilaseca,
                        Pol and Dudek, Jozef J. and Edwards, Robert G. and Joo,
                        Balint and Richards, David G.",
      title          = "{Excited and exotic charmonium spectroscopy from lattice
                        QCD}",
      collaboration  = "Hadron Spectrum",
      journal        = "JHEP",
      volume         = "07",
      year           = "2012",
      pages          = "126",
      doi            = "10.1007/JHEP07(2012)126",
      eprint         = "1204.5425",
      archivePrefix  = "arXiv",
      primaryClass   = "hep-ph",
      reportNumber   = "TCDMATH-12-04, JLAB-THY-12-1510",
      SLACcitation   = "%%CITATION = ARXIV:1204.5425;%%"
}


@article{Dudek:2012ag,
      author         = "Dudek, Jozef J. and Edwards, Robert G.",
      title          = "{Hybrid Baryons in QCD}",
      journal        = "Phys. Rev.",
      volume         = "D85",
      year           = "2012",
      pages          = "054016",
      doi            = "10.1103/PhysRevD.85.054016",
      eprint         = "1201.2349",
      archivePrefix  = "arXiv",
      primaryClass   = "hep-ph",
      reportNumber   = "JLAB-THY-12-1479",
      SLACcitation   = "%%CITATION = ARXIV:1201.2349;%%"
}


@article{Dudek:2011bn,
      author         = "Dudek, Jozef J.",
      title          = "{The lightest hybrid meson supermultiplet in QCD}",
      journal        = "Phys. Rev.",
      volume         = "D84",
      year           = "2011",
      pages          = "074023",
      doi            = "10.1103/PhysRevD.84.074023",
      eprint         = "1106.5515",
      archivePrefix  = "arXiv",
      primaryClass   = "hep-ph",
      reportNumber   = "JLAB-THY-11-1387",
      SLACcitation   = "%%CITATION = ARXIV:1106.5515;%%"
}


@article{Aoki:2007rd,
      author         = "Aoki, S. and others",
      title          = "{Lattice QCD Calculation of the rho Meson Decay Width}",
      collaboration  = "CP-PACS",
      journal        = "Phys. Rev.",
      volume         = "D76",
      year           = "2007",
      pages          = "094506",
      doi            = "10.1103/PhysRevD.76.094506",
      eprint         = "0708.3705",
      archivePrefix  = "arXiv",
      primaryClass   = "hep-lat",
      SLACcitation   = "%%CITATION = ARXIV:0708.3705;%%"
}


@article{Feng:2010es,
      author         = "Feng, Xu and Jansen, Karl and Renner, Dru B.",
      title          = "{Resonance Parameters of the rho-Meson from Lattice QCD}",
      journal        = "Phys. Rev.",
      volume         = "D83",
      year           = "2011",
      pages          = "094505",
      doi            = "10.1103/PhysRevD.83.094505",
      eprint         = "1011.5288",
      archivePrefix  = "arXiv",
      primaryClass   = "hep-lat",
      reportNumber   = "DESY-10-176, SFB-CPP-10-117, MS-TP-10-14, KEK-CP-242,
                        JLAB-THY-10-1289",
      SLACcitation   = "%%CITATION = ARXIV:1011.5288;%%"
}


@article{Lang:2011mn,
      author         = "Lang, C. B. and Mohler, Daniel and Prelovsek, Sasa and
                        Vidmar, Matija",
      title          = "{Coupled channel analysis of the rho meson decay in
                        lattice QCD}",
      journal        = "Phys. Rev.",
      volume         = "D84",
      year           = "2011",
      number         = "5",
      pages          = "054503",
      doi            = "10.1103/PhysRevD.89.059903, 10.1103/PhysRevD.84.054503",
      note           = "[Erratum: Phys. Rev.D89,no.5,059903(2014)]",
      eprint         = "1105.5636",
      archivePrefix  = "arXiv",
      primaryClass   = "hep-lat",
      SLACcitation   = "%%CITATION = ARXIV:1105.5636;%%"
}


@article{Aoki:2011yj,
      author         = "Aoki, S. and others",
      title          = "{$\rho$ Meson Decay in 2+1 Flavor Lattice QCD}",
      collaboration  = "CS",
      journal        = "Phys. Rev.",
      volume         = "D84",
      year           = "2011",
      pages          = "094505",
      doi            = "10.1103/PhysRevD.84.094505",
      eprint         = "1106.5365",
      archivePrefix  = "arXiv",
      primaryClass   = "hep-lat",
      SLACcitation   = "%%CITATION = ARXIV:1106.5365;%%"
}


@article{Dudek:2012xn,
      author         = "Dudek, Jozef J. and Edwards, Robert G. and Thomas,
                        Christopher E.",
      title          = "{Energy dependence of the $\rho$ resonance in $\pi\pi$
                        elastic scattering from lattice QCD}",
      collaboration  = "Hadron Spectrum",
      journal        = "Phys. Rev.",
      volume         = "D87",
      year           = "2013",
      number         = "3",
      pages          = "034505",
      doi            = "10.1103/PhysRevD.87.034505, 10.1103/PhysRevD.90.099902",
      note           = "[Erratum: Phys. Rev.D90,no.9,099902(2014)]",
      eprint         = "1212.0830",
      archivePrefix  = "arXiv",
      primaryClass   = "hep-ph",
      reportNumber   = "JLAB-THY-12-1666, TCDMATH-12-10",
      SLACcitation   = "%%CITATION = ARXIV:1212.0830;%%"
}


@article{Pelissier:2012pi,
      author         = "Pelissier, Craig and Alexandru, Andrei",
      title          = "{Resonance parameters of the rho-meson from asymmetrical
                        lattices}",
      journal        = "Phys. Rev.",
      volume         = "D87",
      year           = "2013",
      number         = "1",
      pages          = "014503",
      doi            = "10.1103/PhysRevD.87.014503",
      eprint         = "1211.0092",
      archivePrefix  = "arXiv",
      primaryClass   = "hep-lat",
      SLACcitation   = "%%CITATION = ARXIV:1211.0092;%%"
}


@article{Wilson:2015dqa,
      author         = "Wilson, David J. and Brice\~no, Ra\'ul A. and Dudek, Jozef J.
                        and Edwards, Robert G. and Thomas, Christopher E.",
      title          = "{Coupled $\pi\pi, K\bar{K}$ scattering in $P$-wave and
                        the $\rho$ resonance from lattice QCD}",
      journal        = "Phys. Rev.",
      volume         = "D92",
      year           = "2015",
      number         = "9",
      pages          = "094502",
      doi            = "10.1103/PhysRevD.92.094502",
      eprint         = "1507.02599",
      archivePrefix  = "arXiv",
      primaryClass   = "hep-ph",
      reportNumber   = "DAMTP-2015-34, JLAB-THY-15-2101",
      SLACcitation   = "%%CITATION = ARXIV:1507.02599;%%"
}



%%% contains utf-8, see: https://inspirehep.net/info/faq/general#utf8
%%% add \usepackage[utf8]{inputenc} to your latex preamble

@article{Bali:2015gji,
      author         = "Bali, Gunnar S. and Collins, Sara and Cox, Antonio and
                        Donald, Gordon and Göckeler, Meinulf and Lang, C. B. and
                        Schäfer, Andreas",
      title          = "{$\rho$ and $K^*$ resonances on the lattice at nearly
                        physical quark masses and $N_f=2$}",
      collaboration  = "RQCD",
      journal        = "Phys. Rev.",
      volume         = "D93",
      year           = "2016",
      number         = "5",
      pages          = "054509",
      doi            = "10.1103/PhysRevD.93.054509",
      eprint         = "1512.08678",
      archivePrefix  = "arXiv",
      primaryClass   = "hep-lat",
      SLACcitation   = "%%CITATION = ARXIV:1512.08678;%%"
}



%%% contains utf-8, see: https://inspirehep.net/info/faq/general#utf8
%%% add \usepackage[utf8]{inputenc} to your latex preamble
@article{Bulava:2016mks,
      author         = "Bulava, John and Fahy, Brendan and Hörz, Ben and Juge,
                        Keisuke J. and Morningstar, Colin and Wong, Chik Him",
      title          = "{$I=1$ and $I=2$ $\pi-\pi$ scattering phase shifts from
                        $N_{\mathrm{f}} = 2+1$ lattice QCD}",
      journal        = "Nucl. Phys.",
      volume         = "B910",
      year           = "2016",
      pages          = "842-867",
      doi            = "10.1016/j.nuclphysb.2016.07.024",
      eprint         = "1604.05593",
      archivePrefix  = "arXiv",
      primaryClass   = "hep-lat",
      SLACcitation   = "%%CITATION = ARXIV:1604.05593;%%"
}


%%% contains utf-8, see: https://inspirehep.net/info/faq/general#utf8
%%% add \usepackage[utf8]{inputenc} to your latex preamble

@article{Guo:2016zos,
      author         = "Guo, Dehua and Alexandru, Andrei and Molina, Raquel and
                        Döring, Michael",
      title          = "{Rho resonance parameters from lattice QCD}",
      journal        = "Phys. Rev.",
      volume         = "D94",
      year           = "2016",
      number         = "3",
      pages          = "034501",
      doi            = "10.1103/PhysRevD.94.034501",
      eprint         = "1605.03993",
      archivePrefix  = "arXiv",
      primaryClass   = "hep-lat",
      reportNumber   = "JLAB-THY-16-2313",
      SLACcitation   = "%%CITATION = ARXIV:1605.03993;%%"
}
@article{Briceno:2016mjc,
      author         = "Brice\~no, Ra\'ul A. and Dudek, Jozef J. and Edwards, Robert
                        G. and Wilson, David J.",
      title          = "{Isoscalar $\pi\pi$ scattering and the $\sigma$ meson
                        resonance from QCD}",
      journal        = "Phys. Rev. Lett.",
      volume         = "118",
      year           = "2017",
      number         = "2",
      pages          = "022002",
      doi            = "10.1103/PhysRevLett.118.022002",
      eprint         = "1607.05900",
      archivePrefix  = "arXiv",
      primaryClass   = "hep-ph",
      reportNumber   = "JLAB-THY-16-2287, DAMTP-2016-47",
      SLACcitation   = "%%CITATION = ARXIV:1607.05900;%%"
}



%%% contains utf-8, see: https://inspirehep.net/info/faq/general#utf8
%%% add \usepackage[utf8]{inputenc} to your latex preamble

@article{Guo:2018zss,
      author         = "Guo, Dehua and Alexandru, Andrei and Molina, Raquel and
                        Mai, Maxim and Döring, Michael",
      title          = "{Extraction of isoscalar $\pi\pi$ phase-shifts from
                        lattice QCD}",
      journal        = "Phys. Rev.",
      volume         = "D98",
      year           = "2018",
      number         = "1",
      pages          = "014507",
      doi            = "10.1103/PhysRevD.98.014507",
      eprint         = "1803.02897",
      archivePrefix  = "arXiv",
      primaryClass   = "hep-lat",
      reportNumber   = "JLAB-THY-18-2662",
      SLACcitation   = "%%CITATION = ARXIV:1803.02897;%%"
}


@article{Lang:2012sv,
      author         = "Lang, C. B. and Leskovec, Luka and Mohler, Daniel and
                        Prelovsek, Sasa",
      title          = "{K pi scattering for isospin 1/2 and 3/2 in lattice QCD}",
      journal        = "Phys. Rev.",
      volume         = "D86",
      year           = "2012",
      pages          = "054508",
      doi            = "10.1103/PhysRevD.86.054508",
      eprint         = "1207.3204",
      archivePrefix  = "arXiv",
      primaryClass   = "hep-lat",
      SLACcitation   = "%%CITATION = ARXIV:1207.3204;%%"
}


@article{Fu:2012tj,
      author         = "Fu, Ziwen and Fu, Kan",
      title          = "{Lattice QCD study on $K^\ast(892)$ meson decay width}",
      journal        = "Phys. Rev.",
      volume         = "D86",
      year           = "2012",
      pages          = "094507",
      doi            = "10.1103/PhysRevD.86.094507",
      eprint         = "1209.0350",
      archivePrefix  = "arXiv",
      primaryClass   = "hep-lat",
      SLACcitation   = "%%CITATION = ARXIV:1209.0350;%%"
}


@article{Prelovsek:2013ela,
      author         = "Prelovsek, Sasa and Leskovec, Luka and Lang, C. B. and
                        Mohler, Daniel",
      title          = "{K $\pi$ scattering and the K* decay width from lattice
                        QCD}",
      journal        = "Phys. Rev.",
      volume         = "D88",
      year           = "2013",
      number         = "5",
      pages          = "054508",
      doi            = "10.1103/PhysRevD.88.054508",
      eprint         = "1307.0736",
      archivePrefix  = "arXiv",
      primaryClass   = "hep-lat",
      reportNumber   = "FERMILAB-PUB-13-251-T",
      SLACcitation   = "%%CITATION = ARXIV:1307.0736;%%"
}



%%% contains utf-8, see: https://inspirehep.net/info/faq/general#utf8
%%% add \usepackage[utf8]{inputenc} to your latex preamble

@article{Brett:2018jqw,
      author         = "Brett, Ruairí and Bulava, John and Fallica, Jacob and
                        Hanlon, Andrew and Hörz, Ben and Morningstar, Colin",
      title          = "{Determination of $s$- and $p$-wave $I=1/2$ $K\pi$
                        scattering amplitudes in $N_{\mathrm{f}}=2+1$ lattice
                        QCD}",
      journal        = "Nucl. Phys.",
      volume         = "B932",
      year           = "2018",
      pages          = "29-51",
      doi            = "10.1016/j.nuclphysb.2018.05.008",
      eprint         = "1802.03100",
      archivePrefix  = "arXiv",
      primaryClass   = "hep-lat",
      reportNumber   = "MITP-18-010, CP3-ORIGINS-2018-5",
      SLACcitation   = "%%CITATION = ARXIV:1802.03100;%%"
}



@article{Dudek:2014qha,
      author         = "Dudek, Jozef J. and Edwards, Robert G. and Thomas,
                        Christopher E. and Wilson, David J.",
      title          = "{Resonances in coupled $\pi K -\eta K$ scattering from
                        quantum chromodynamics}",
      collaboration  = "Hadron Spectrum",
      journal        = "Phys. Rev. Lett.",
      volume         = "113",
      year           = "2014",
      number         = "18",
      pages          = "182001",
      doi            = "10.1103/PhysRevLett.113.182001",
      eprint         = "1406.4158",
      archivePrefix  = "arXiv",
      primaryClass   = "hep-ph",
      reportNumber   = "JLAB-THY-14-1891, DAMTP-2014-36",
      SLACcitation   = "%%CITATION = ARXIV:1406.4158;%%"
}


@article{Wilson:2014cna,
      author         = "Wilson, David J. and Dudek, Jozef J. and Edwards, Robert
                        G. and Thomas, Christopher E.",
      title          = "{Resonances in coupled $\pi K, \eta K$ scattering from
                        lattice QCD}",
      journal        = "Phys. Rev.",
      volume         = "D91",
      year           = "2015",
      number         = "5",
      pages          = "054008",
      doi            = "10.1103/PhysRevD.91.054008",
      eprint         = "1411.2004",
      archivePrefix  = "arXiv",
      primaryClass   = "hep-ph",
      reportNumber   = "JLAB-THY-14-1982, DAMTP-2014-81, JLAB-THY-14-1892",
      SLACcitation   = "%%CITATION = ARXIV:1411.2004;%%"
}



%%% contains utf-8, see: https://inspirehep.net/info/faq/general#utf8
%%% add \usepackage[utf8]{inputenc} to your latex preamble

@article{Moir:2016srx,
      author         = "Moir, Graham and Peardon, Michael and Ryan, Sinéad M.
                        and Thomas, Christopher E. and Wilson, David J.",
      title          = "{Coupled-Channel $D\pi$, $D\eta$ and $D_{s}\bar{K}$
                        Scattering from Lattice QCD}",
      journal        = "JHEP",
      volume         = "10",
      year           = "2016",
      pages          = "011",
      doi            = "10.1007/JHEP10(2016)011",
      eprint         = "1607.07093",
      archivePrefix  = "arXiv",
      primaryClass   = "hep-lat",
      reportNumber   = "DAMTP-2016-48",
      SLACcitation   = "%%CITATION = ARXIV:1607.07093;%%"
}


@article{Dudek:2016cru,
      author         = "Dudek, Jozef J. and Edwards, Robert G. and Wilson, David
                        J.",
      title          = "{An $a_0$ resonance in strongly coupled $\pi \eta$,
                        $K\overline{K}$ scattering from lattice QCD}",
      collaboration  = "Hadron Spectrum",
      journal        = "Phys. Rev.",
      volume         = "D93",
      year           = "2016",
      number         = "9",
      pages          = "094506",
      doi            = "10.1103/PhysRevD.93.094506",
      eprint         = "1602.05122",
      archivePrefix  = "arXiv",
      primaryClass   = "hep-ph",
      reportNumber   = "JLAB-THY-16-2216, DAMTP-2016-18",
      SLACcitation   = "%%CITATION = ARXIV:1602.05122;%%"
}


@article{Briceno:2017qmb,
      author         = "Brice\~no, Ra\'ul A. and Dudek, Jozef J. and Edwards, Robert
                        G. and Wilson, David J.",
      title          = "{Isoscalar $\pi\pi, K\overline{K}, \eta\eta$ scattering
                        and the $\sigma, f_0, f_2$ mesons from QCD}",
      journal        = "Phys. Rev.",
      volume         = "D97",
      year           = "2018",
      number         = "5",
      pages          = "054513",
      doi            = "10.1103/PhysRevD.97.054513",
      eprint         = "1708.06667",
      archivePrefix  = "arXiv",
      primaryClass   = "hep-lat",
      reportNumber   = "JLAB-THY-17-2534",
      SLACcitation   = "%%CITATION = ARXIV:1708.06667;%%"
}


@article{Briceno:2015dca,
      author         = "Brice\~no, Ra\'ul A. and Dudek, Jozef J. and Edwards, Robert
                        G. and Shultz, Christian J. and Thomas, Christopher E. and
                        Wilson, David J.",
      title          = "{The resonant $\pi^+\gamma\to\pi^+\pi^0$ amplitude from
                        Quantum Chromodynamics}",
      journal        = "Phys. Rev. Lett.",
      volume         = "115",
      year           = "2015",
      pages          = "242001",
      doi            = "10.1103/PhysRevLett.115.242001",
      eprint         = "1507.06622",
      archivePrefix  = "arXiv",
      primaryClass   = "hep-ph",
      reportNumber   = "JLAB-THY-15-2106, DAMTP-2015-40",
      SLACcitation   = "%%CITATION = ARXIV:1507.06622;%%"
}



%%% contains utf-8, see: https://inspirehep.net/info/faq/general#utf8
%%% add \usepackage[utf8]{inputenc} to your latex preamble

@article{Briceno:2016kkp,
      author         = "Brice\~o, Ra\'ul A. and Dudek, Jozef J. and Edwards,
                        Robert G. and Shultz, Christian J. and Thomas, Christopher
                        E. and Wilson, David J.",
      title          = "{The $\pi\pi\to\pi\gamma^\star$ amplitude and the
                        resonant $\rho\to\pi\gamma^\star$ transition from lattice
                        QCD}",
      journal        = "Phys. Rev.",
      volume         = "D93",
      year           = "2016",
      number         = "11",
      pages          = "114508",
      doi            = "10.1103/PhysRevD.93.114508",
      eprint         = "1604.03530",
      archivePrefix  = "arXiv",
      primaryClass   = "hep-ph",
      reportNumber   = "JLAB-THY-16-2237, DAMTP-2016-24",
      SLACcitation   = "%%CITATION = ARXIV:1604.03530;%%"
}


@article{Alexandrou:2018jbt,
      author         = "Alexandrou, Constantia and Leskovec, Luka and Meinel,
                        Stefan and Negele, John and Paul, Srijit and Petschlies,
                        Marcus and Pochinsky, Andrew and Rendon, Gumaro and
                        Syritsyn, Sergey",
      title          = "{$\pi\gamma \to \pi\pi$ transition and the $\rho$
                        radiative decay width from lattice QCD}",
      journal        = "Phys. Rev.",
      volume         = "D98",
      year           = "2018",
      number         = "7",
      pages          = "074502",
      doi            = "10.1103/PhysRevD.98.074502",
      eprint         = "1807.08357",
      archivePrefix  = "arXiv",
      primaryClass   = "hep-lat",
      reportNumber   = "RBRC-1289",
      SLACcitation   = "%%CITATION = ARXIV:1807.08357;%%"
}


@article{Feng:2014gba,
      author         = "Feng, Xu and Aoki, Sinya and Hashimoto, Shoji and Kaneko,
                        Takashi",
      title          = "{Timelike pion form factor in lattice QCD}",
      journal        = "Phys. Rev.",
      volume         = "D91",
      year           = "2015",
      number         = "5",
      pages          = "054504",
      doi            = "10.1103/PhysRevD.91.054504",
      eprint         = "1412.6319",
      archivePrefix  = "arXiv",
      primaryClass   = "hep-lat",
      reportNumber   = "CU-TP-1206, KEK-CP-316, YITP-14-96",
      SLACcitation   = "%%CITATION = ARXIV:1412.6319;%%"
}


@article{Peardon:2009gh,
      author         = "Peardon, Michael and Bulava, John and Foley, Justin and
                        Morningstar, Colin and Dudek, Jozef and Edwards, Robert G.
                        and Joo, Balint and Lin, Huey-Wen and Richards, David G.
                        and Juge, Keisuke Jimmy",
      title          = "{A Novel quark-field creation operator construction for
                        hadronic physics in lattice QCD}",
      collaboration  = "Hadron Spectrum",
      journal        = "Phys. Rev.",
      volume         = "D80",
      year           = "2009",
      pages          = "054506",
      doi            = "10.1103/PhysRevD.80.054506",
      eprint         = "0905.2160",
      archivePrefix  = "arXiv",
      primaryClass   = "hep-lat",
      reportNumber   = "JLAB-THY-09-985",
      SLACcitation   = "%%CITATION = ARXIV:0905.2160;%%"
}


@article{Morningstar:2011ka,
      author         = "Morningstar, Colin and Bulava, John and Foley, Justin and
                        Juge, Keisuke J. and Lenkner, David and Peardon, Mike and
                        Wong, Chik Him",
      title          = "{Improved stochastic estimation of quark propagation with
                        Laplacian Heaviside smearing in lattice QCD}",
      journal        = "Phys. Rev.",
      volume         = "D83",
      year           = "2011",
      pages          = "114505",
      doi            = "10.1103/PhysRevD.83.114505",
      eprint         = "1104.3870",
      archivePrefix  = "arXiv",
      primaryClass   = "hep-lat",
      reportNumber   = "DESY-11-035",
      SLACcitation   = "%%CITATION = ARXIV:1104.3870;%%"
}


@article{Woss:2018irj,
      author         = "Woss, Antoni and Thomas, Christopher E. and Dudek, Jozef
                        J. and Edwards, Robert G. and Wilson, David J.",
      title          = "{Dynamically-coupled partial-waves in $\rho\pi$ isospin-2
                        scattering from lattice QCD}",
      journal        = "JHEP",
      volume         = "07",
      year           = "2018",
      pages          = "043",
      doi            = "10.1007/JHEP07(2018)043",
      eprint         = "1802.05580",
      archivePrefix  = "arXiv",
      primaryClass   = "hep-lat",
      reportNumber   = "DAMTP-2018-6, JLAB-THY-18-2643",
      SLACcitation   = "%%CITATION = ARXIV:1802.05580;%%"
}


@article{Cheung:2017tnt,
      author         = "Cheung, Gavin K. C. and Thomas, Christopher E. and Dudek,
                        Jozef J. and Edwards, Robert G.",
      title          = "{Tetraquark operators in lattice QCD and exotic flavour
                        states in the charm sector}",
      collaboration  = "Hadron Spectrum",
      journal        = "JHEP",
      volume         = "11",
      year           = "2017",
      pages          = "033",
      doi            = "10.1007/JHEP11(2017)033",
      eprint         = "1709.01417",
      archivePrefix  = "arXiv",
      primaryClass   = "hep-lat",
      reportNumber   = "DAMTP-2017-33, JLAB-THY-17-2541",
      SLACcitation   = "%%CITATION = ARXIV:1709.01417;%%"
}


@article{Prelovsek:2014swa,
      author         = "Prelovsek, Sasa and Lang, C. B. and Leskovec, Luka and
                        Mohler, Daniel",
      title          = "{Study of the $Z_c^+$ channel using lattice QCD}",
      journal        = "Phys. Rev.",
      volume         = "D91",
      year           = "2015",
      number         = "1",
      pages          = "014504",
      doi            = "10.1103/PhysRevD.91.014504",
      eprint         = "1405.7623",
      archivePrefix  = "arXiv",
      primaryClass   = "hep-lat",
      reportNumber   = "FERMILAB-PUB-14-144-T",
      SLACcitation   = "%%CITATION = ARXIV:1405.7623;%%"
}


@article{Francis:2016hui,
      author         = "Francis, Anthony and Hudspith, Renwick J. and Lewis,
                        Randy and Maltman, Kim",
      title          = "{Lattice Prediction for Deeply Bound Doubly Heavy
                        Tetraquarks}",
      journal        = "Phys. Rev. Lett.",
      volume         = "118",
      year           = "2017",
      number         = "14",
      pages          = "142001",
      doi            = "10.1103/PhysRevLett.118.142001",
      eprint         = "1607.05214",
      archivePrefix  = "arXiv",
      primaryClass   = "hep-lat",
      SLACcitation   = "%%CITATION = ARXIV:1607.05214;%%"
}


@article{Hughes:2017xie,
      author         = "Hughes, Ciaran and Eichten, Estia and Davies, Christine
                        T. H.",
      title          = "{Searching for beauty-fully bound tetraquarks using
                        lattice nonrelativistic QCD}",
      journal        = "Phys. Rev.",
      volume         = "D97",
      year           = "2018",
      number         = "5",
      pages          = "054505",
      doi            = "10.1103/PhysRevD.97.054505",
      eprint         = "1710.03236",
      archivePrefix  = "arXiv",
      primaryClass   = "hep-lat",
      reportNumber   = "FERMILAB-PUB-17-381-T",
      SLACcitation   = "%%CITATION = ARXIV:1710.03236;%%"
}


@article{Korner:1994nh,
      author         = "Korner, J. G. and Kramer, M. and Pirjol, D.",
      title          = "{Heavy baryons}",
      journal        = "Prog. Part. Nucl. Phys.",
      volume         = "33",
      year           = "1994",
      pages          = "787-868",
      doi            = "10.1016/0146-6410(94)90053-1",
      eprint         = "hep-ph/9406359",
      archivePrefix  = "arXiv",
      primaryClass   = "hep-ph",
      reportNumber   = "DESY-94-095, MZ-THEP-94-08",
      SLACcitation   = "%%CITATION = HEP-PH/9406359;%%"
}


@article{Manohar:2000dt,
      author         = "Manohar, Aneesh V. and Wise, Mark B.",
      title          = "{Heavy quark physics}",
      journal        = "Camb. Monogr. Part. Phys. Nucl. Phys. Cosmol.",
      volume         = "10",
      year           = "2000",
      pages          = "1-191",
      SLACcitation   = "%%CITATION = CMPCE,10,1;%%"
}


@article{Savage:1990di,
      author         = "Savage, Martin J. and Wise, Mark B.",
      title          = "{Spectrum of baryons with two heavy quarks}",
      journal        = "Phys. Lett.",
      volume         = "B248",
      year           = "1990",
      pages          = "177-180",
      doi            = "10.1016/0370-2693(90)90035-5",
      reportNumber   = "CALT-68-1652",
      SLACcitation   = "%%CITATION = PHLTA,B248,177;%%"
}


@article{Brambilla:2005yk,
      author         = "Brambilla, Nora and Vairo, Antonio and Rosch, Thomas",
      title          = "{Effective field theory Lagrangians for baryons with two
                        and three heavy quarks}",
      journal        = "Phys. Rev.",
      volume         = "D72",
      year           = "2005",
      pages          = "034021",
      doi            = "10.1103/PhysRevD.72.034021",
      eprint         = "hep-ph/0506065",
      archivePrefix  = "arXiv",
      primaryClass   = "hep-ph",
      reportNumber   = "IFUM-808-FT",
      SLACcitation   = "%%CITATION = HEP-PH/0506065;%%"
}


@article{Chatrchyan:2012ni,
      author         = "Chatrchyan, Serguei and others",
      title          = "{Observation of a new Xi(b) baryon}",
      collaboration  = "CMS",
      journal        = "Phys. Rev. Lett.",
      volume         = "108",
      year           = "2012",
      pages          = "252002",
      doi            = "10.1103/PhysRevLett.108.252002",
      eprint         = "1204.5955",
      archivePrefix  = "arXiv",
      primaryClass   = "hep-ex",
      reportNumber   = "CMS-BPH-12-001, CERN-PH-EP-2012-118",
      SLACcitation   = "%%CITATION = ARXIV:1204.5955;%%"
}


@article{Aaij:2012da,
      author         = "Aaij, R and others",
      title          = "{Observation of excited $\Lambda_b^0$ baryons}",
      collaboration  = "LHCb",
      journal        = "Phys. Rev. Lett.",
      volume         = "109",
      year           = "2012",
      pages          = "172003",
      doi            = "10.1103/PhysRevLett.109.172003",
      eprint         = "1205.3452",
      archivePrefix  = "arXiv",
      primaryClass   = "hep-ex",
      reportNumber   = "CERN-PH-EP-2012-128, LHCB-PAPER-2012-012,
                        LHCB-PAPER-2012-12",
      SLACcitation   = "%%CITATION = ARXIV:1205.3452;%%"
}


@article{Aaij:2014yka,
      author         = "Aaij, Roel and others",
      title          = "{Observation of two new $\Xi_b^-$ baryon resonances}",
      collaboration  = "LHCb",
      journal        = "Phys. Rev. Lett.",
      volume         = "114",
      year           = "2015",
      pages          = "062004",
      doi            = "10.1103/PhysRevLett.114.062004",
      eprint         = "1411.4849",
      archivePrefix  = "arXiv",
      primaryClass   = "hep-ex",
      reportNumber   = "CERN-PH-EP-2014-279, LHCB-PAPER-2014-061",
      SLACcitation   = "%%CITATION = ARXIV:1411.4849;%%"
}


@article{Aaij:2016jnn,
      author         = "Aaij, Roel and others",
      title          = "{Measurement of the properties of the $\Xi_b^{*0}$
                        baryon}",
      collaboration  = "LHCb",
      journal        = "JHEP",
      volume         = "05",
      year           = "2016",
      pages          = "161",
      doi            = "10.1007/JHEP05(2016)161",
      eprint         = "1604.03896",
      archivePrefix  = "arXiv",
      primaryClass   = "hep-ex",
      reportNumber   = "LHCB-PAPER-2016-010, CERN-EP-2016-082",
      SLACcitation   = "%%CITATION = ARXIV:1604.03896;%%"
}


@article{Aaij:2017ueg,
      author         = "Aaij, Roel and others",
      title          = "{Observation of the doubly charmed baryon
                        $\Xi_{cc}^{++}$}",
      collaboration  = "LHCb",
      journal        = "Phys. Rev. Lett.",
      volume         = "119",
      year           = "2017",
      number         = "11",
      pages          = "112001",
      doi            = "10.1103/PhysRevLett.119.112001",
      eprint         = "1707.01621",
      archivePrefix  = "arXiv",
      primaryClass   = "hep-ex",
      reportNumber   = "LHCB-PAPER-2017-018, CERN-EP-2017-156",
      SLACcitation   = "%%CITATION = ARXIV:1707.01621;%%"
}


@article{Aaij:2017vbw,
      author         = "Aaij, Roel and others",
      title          = "{Study of the $D^0 p$ amplitude in $\Lambda_b^0\to D^0 p
                        \pi^-$ decays}",
      collaboration  = "LHCb",
      journal        = "JHEP",
      volume         = "05",
      year           = "2017",
      pages          = "030",
      doi            = "10.1007/JHEP05(2017)030",
      eprint         = "1701.07873",
      archivePrefix  = "arXiv",
      primaryClass   = "hep-ex",
      reportNumber   = "CERN-EP-2017-007, LHCB-PAPER-2016-061",
      SLACcitation   = "%%CITATION = ARXIV:1701.07873;%%"
}


@article{Aaij:2017nav,
      author         = "Aaij, Roel and others",
      title          = "{Observation of five new narrow $\Omega_c^0$ states
                        decaying to $\Xi_c^+ K^-$}",
      collaboration  = "LHCb",
      journal        = "Phys. Rev. Lett.",
      volume         = "118",
      year           = "2017",
      number         = "18",
      pages          = "182001",
      doi            = "10.1103/PhysRevLett.118.182001",
      eprint         = "1703.04639",
      archivePrefix  = "arXiv",
      primaryClass   = "hep-ex",
      reportNumber   = "LHCB-PAPER-2017-002, CERN-EP-2017-037",
      SLACcitation   = "%%CITATION = ARXIV:1703.04639;%%"
}


@article{Brown:2014ena,
      author         = "Brown, Zachary S. and Detmold, William and Meinel, Stefan
                        and Orginos, Kostas",
      title          = "{Charmed bottom baryon spectroscopy from lattice QCD}",
      journal        = "Phys. Rev.",
      volume         = "D90",
      year           = "2014",
      number         = "9",
      pages          = "094507",
      doi            = "10.1103/PhysRevD.90.094507",
      eprint         = "1409.0497",
      archivePrefix  = "arXiv",
      primaryClass   = "hep-lat",
      reportNumber   = "JLAB-THY-14-1950",
      SLACcitation   = "%%CITATION = ARXIV:1409.0497;%%"
}


@article{Padmanath:2015jea,
      author         = "Padmanath, M. and Edwards, Robert G. and Mathur, Nilmani
                        and Peardon, Michael",
      title          = "{Spectroscopy of doubly-charmed baryons from lattice
                        QCD}",
      journal        = "Phys. Rev.",
      volume         = "D91",
      year           = "2015",
      number         = "9",
      pages          = "094502",
      doi            = "10.1103/PhysRevD.91.094502",
      eprint         = "1502.01845",
      archivePrefix  = "arXiv",
      primaryClass   = "hep-lat",
      reportNumber   = "TIFR-TH-15-06, JLAB-THY-15-2028",
      SLACcitation   = "%%CITATION = ARXIV:1502.01845;%%"
}



%%% contains utf-8, see: https://inspirehep.net/info/faq/general#utf8
%%% add \usepackage[utf8]{inputenc} to your latex preamble

@article{Bali:2015lka,
      author         = "Pérez-Rubio, Paula and Collins, Sara and Bali, Gunnar
                        S.",
      title          = "{Charmed baryon spectroscopy and light flavor symmetry
                        from lattice QCD}",
      journal        = "Phys. Rev.",
      volume         = "D92",
      year           = "2015",
      number         = "3",
      pages          = "034504",
      doi            = "10.1103/PhysRevD.92.034504",
      eprint         = "1503.08440",
      archivePrefix  = "arXiv",
      primaryClass   = "hep-lat",
      SLACcitation   = "%%CITATION = ARXIV:1503.08440;%%"
}


@article{Alexandrou:2017xwd,
      author         = "Alexandrou, Constantia and Kallidonis, Christos",
      title          = "{Low-lying baryon masses using $N_f=2$ twisted mass
                        clover-improved fermions directly at the physical pion
                        mass}",
      journal        = "Phys. Rev.",
      volume         = "D96",
      year           = "2017",
      number         = "3",
      pages          = "034511",
      doi            = "10.1103/PhysRevD.96.034511",
      eprint         = "1704.02647",
      archivePrefix  = "arXiv",
      primaryClass   = "hep-lat",
      SLACcitation   = "%%CITATION = ARXIV:1704.02647;%%"
}

@article{Szczepaniak:2015eza,
      author         = "Szczepaniak, Adam P.",
      title          = "{Triangle Singularities and XYZ Quarkonium Peaks}",
      journal        = "Phys. Lett.",
      volume         = "B747",
      year           = "2015",
      pages          = "410-416",
      doi            = "10.1016/j.physletb.2015.06.029",
      eprint         = "1501.01691",
      archivePrefix  = "arXiv",
      primaryClass   = "hep-ph",
      reportNumber   = "JLAB-THY-15-1999",
      SLACcitation   = "%%CITATION = ARXIV:1501.01691;%%"
}

@article{Feng:2004ua,
      author         = "Feng, Xu and Li, Xin and Liu, Chuan",
      title          = "{Two particle states in an asymmetric box and the elastic
                        scattering phases}",
      journal        = "Phys. Rev.",
      volume         = "D70",
      year           = "2004",
      pages          = "014505",
      doi            = "10.1103/PhysRevD.70.014505",
      eprint         = "hep-lat/0404001",
      archivePrefix  = "arXiv",
      primaryClass   = "hep-lat",
      SLACcitation   = "%%CITATION = HEP-LAT/0404001;%%"
}

@article{Briceno:2013hya,
      author         = "Brice\~no, Ra\'ul A. and Davoudi, Zohreh and Luu, Thomas C.
                        and Savage, Martin J.",
      title          = "{Two-Baryon Systems with Twisted Boundary Conditions}",
      journal        = "Phys. Rev.",
      volume         = "D89",
      year           = "2014",
      number         = "7",
      pages          = "074509",
      doi            = "10.1103/PhysRevD.89.074509",
      eprint         = "1311.7686",
      archivePrefix  = "arXiv",
      primaryClass   = "hep-lat",
      reportNumber   = "INT-PUB-13-045, JLAB-THY-13-1827",
      SLACcitation   = "%%CITATION = ARXIV:1311.7686;%%"
}

@article{Briceno:2014oea,
      author         = "Brice\~no, Ra\'ul A.",
      title          = "{Two-particle multichannel systems in a finite volume
                        with arbitrary spin}",
      journal        = "Phys. Rev.",
      volume         = "D89",
      year           = "2014",
      number         = "7",
      pages          = "074507",
      doi            = "10.1103/PhysRevD.89.074507",
      eprint         = "1401.3312",
      archivePrefix  = "arXiv",
      primaryClass   = "hep-lat",
      reportNumber   = "JLAB-THY-14-1833",
      SLACcitation   = "%%CITATION = ARXIV:1401.3312;%%"
}

@article{Lang:2014yfa,
      author         = "Lang, C. B. and Leskovec, Luka and Mohler, Daniel and
                        Prelovsek, Sasa and Woloshyn, R. M.",
      title          = "{Ds mesons with DK and D*K scattering near threshold}",
      journal        = "Phys. Rev.",
      volume         = "D90",
      year           = "2014",
      number         = "3",
      pages          = "034510",
      doi            = "10.1103/PhysRevD.90.034510",
      eprint         = "1403.8103",
      archivePrefix  = "arXiv",
      primaryClass   = "hep-lat",
      reportNumber   = "FERMILAB-PUB-14-063-T",
      SLACcitation   = "%%CITATION = ARXIV:1403.8103;%%"
}
@article{Lang:2015sba,
      author         = "Lang, C. B. and Leskovec, Luka and Mohler, Daniel and
                        Prelovsek, Sasa",
      title          = "{Vector and scalar charmonium resonances with lattice
                        QCD}",
      journal        = "JHEP",
      volume         = "09",
      year           = "2015",
      pages          = "089",
      doi            = "10.1007/JHEP09(2015)089",
      eprint         = "1503.05363",
      archivePrefix  = "arXiv",
      primaryClass   = "hep-lat",
      reportNumber   = "FERMILAB-PUB-15-084-T, JLAB-THY-15-2022",
      SLACcitation   = "%%CITATION = ARXIV:1503.05363;%%"
}

@article{Lang:2016jpk,
      author         = "Lang, C. B. and Mohler, Daniel and Prelovsek, S.",
      title          = "{$B_s\pi^+$ scattering and search for X(5568) with
                        lattice QCD}",
      journal        = "Phys. Rev.",
      volume         = "D94",
      year           = "2016",
      pages          = "074509",
      doi            = "10.1103/PhysRevD.94.074509",
      eprint         = "1607.03185",
      archivePrefix  = "arXiv",
      primaryClass   = "hep-lat",
      reportNumber   = "MITP-16-074, HIM-2016-03",
      SLACcitation   = "%%CITATION = ARXIV:1607.03185;%%"
}

@article{Baroni:2018iau,
      author         = "Baroni, Alessandro and Brice\~no, Ra\'ul A. and Hansen,
                        Maxwell T. and Ortega-Gama, Felipe G.",
      title          = "{Form factors of two-hadron states from a covariant
                        finite-volume formalism}",
      journal        = "Phys. Rev.",
      volume         = "D100",
      year           = "2019",
      number         = "3",
      pages          = "034511",
      doi            = "10.1103/PhysRevD.100.034511",
      eprint         = "1812.10504",
      archivePrefix  = "arXiv",
      primaryClass   = "hep-lat",
      reportNumber   = "JLAB-THY-18-2878",
      SLACcitation   = "%%CITATION = ARXIV:1812.10504;%%"
}

@article{Briceno:2015tza,
      author         = "Brice\~no, Ra\'ul A. and Hansen, Maxwell T.",
      title          = "{Relativistic, model-independent, multichannel $2\to 2$
                        transition amplitudes in a finite volume}",
      journal        = "Phys. Rev.",
      volume         = "D94",
      year           = "2016",
      number         = "1",
      pages          = "013008",
      doi            = "10.1103/PhysRevD.94.013008",
      eprint         = "1509.08507",
      archivePrefix  = "arXiv",
      primaryClass   = "hep-lat",
      reportNumber   = "JLAB-THY-15-2140",
      SLACcitation   = "%%CITATION = ARXIV:1509.08507;%%"
}

@article{Briceno:2015csa,
      author         = "Brice\~no, Ra\'ul A. and Hansen, Maxwell T.",
      title          = "{Multichannel 0 $\to$ 2 and 1 $\to$ 2 transition
                        amplitudes for arbitrary spin particles in a finite
                        volume}",
      journal        = "Phys. Rev.",
      volume         = "D92",
      year           = "2015",
      number         = "7",
      pages          = "074509",
      doi            = "10.1103/PhysRevD.92.074509",
      eprint         = "1502.04314",
      archivePrefix  = "arXiv",
      primaryClass   = "hep-lat",
      reportNumber   = "JLAB-THY-15-2009",
      SLACcitation   = "%%CITATION = ARXIV:1502.04314;%%"
}

@article{Briceno:2014uqa,
      author         = "Brice\~no, Ra\'ul A. and Hansen, Maxwell T. and
                        Walker-Loud, André",
      title          = "{Multichannel 1 $\rightarrow$ 2 transition amplitudes in
                        a finite volume}",
      journal        = "Phys. Rev.",
      volume         = "D91",
      year           = "2015",
      number         = "3",
      pages          = "034501",
      doi            = "10.1103/PhysRevD.91.034501",
      eprint         = "1406.5965",
      archivePrefix  = "arXiv",
      primaryClass   = "hep-lat",
      reportNumber   = "NT@WM-14-04, JLAB-THY-14-1909",
      SLACcitation   = "%%CITATION = ARXIV:1406.5965;%%"
}


@article{Junnarkar:2018twb,
      author         = "Junnarkar, Parikshit and Mathur, Nilmani and Padmanath,
                        M.",
      title          = "{Study of doubly heavy tetraquarks in Lattice QCD}",
      journal        = "Phys. Rev.",
      volume         = "D99",
      year           = "2019",
      number         = "3",
      pages          = "034507",
      doi            = "10.1103/PhysRevD.99.034507",
      eprint         = "1810.12285",
      archivePrefix  = "arXiv",
      primaryClass   = "hep-lat",
      reportNumber   = "TIFR/TH/18-43",
      SLACcitation   = "%%CITATION = ARXIV:1810.12285;%%"
}

@article{Francis:2018jyb,
      author         = "Francis, Anthony and Hudspith, Renwick J. and Lewis,
                        Randy and Maltman, Kim",
      title          = "{Evidence for charm-bottom tetraquarks and the mass
                        dependence of heavy-light tetraquark states from lattice
                        QCD}",
      journal        = "Phys. Rev.",
      volume         = "D99",
      year           = "2019",
      number         = "5",
      pages          = "054505",
      doi            = "10.1103/PhysRevD.99.054505",
      eprint         = "1810.10550",
      archivePrefix  = "arXiv",
      primaryClass   = "hep-lat",
      reportNumber   = "CERN-TH-2018-227",
      SLACcitation   = "%%CITATION = ARXIV:1810.10550;%%"
}


@article{Leskovec:2019ioa,
      author         = "Leskovec, Luka and Meinel, Stefan and Pflaumer, Martin
                        and Wagner, Marc",
      title          = "{Lattice QCD investigation of a doubly-bottom $\bar{b}
                        \bar{b} u d$ tetraquark with quantum numbers $I(J^P) =
                        0(1^+)$}",
      journal        = "Phys. Rev.",
      volume         = "D100",
      year           = "2019",
      number         = "1",
      pages          = "014503",
      doi            = "10.1103/PhysRevD.100.014503",
      eprint         = "1904.04197",
      archivePrefix  = "arXiv",
      primaryClass   = "hep-lat",
      reportNumber   = "JLAB-THY-19-2912, RBRC-1307",
      SLACcitation   = "%%CITATION = ARXIV:1904.04197;%%"
}


@article{Eichten:2017ffp,
      author         = "Eichten, Estia J. and Quigg, Chris",
      title          = "{Heavy-quark symmetry implies stable heavy tetraquark
                        mesons $Q_iQ_j \bar q_k \bar q_l$}",
      journal        = "Phys. Rev. Lett.",
      volume         = "119",
      year           = "2017",
      number         = "20",
      pages          = "202002",
      doi            = "10.1103/PhysRevLett.119.202002",
      eprint         = "1707.09575",
      archivePrefix  = "arXiv",
      primaryClass   = "hep-ph",
      reportNumber   = "FERMILAB-PUB-17-289-T",
      SLACcitation   = "%%CITATION = ARXIV:1707.09575;%%"
}


@article{Carlson:1987hh,
      author         = "Carlson, J. and Heller, L. and Tjon, J. A.",
      title          = "{Stability of Dimesons}",
      journal        = "Phys. Rev.",
      volume         = "D37",
      year           = "1988",
      pages          = "744",
      doi            = "10.1103/PhysRevD.37.744",
      reportNumber   = "LA-UR-87-2818",
      SLACcitation   = "%%CITATION = PHRVA,D37,744;%%"
}


@article{Manohar:1992nd,
      author         = "Manohar, Aneesh V. and Wise, Mark B.",
      title          = "{Exotic Q Q anti-q anti-q states in QCD}",
      journal        = "Nucl. Phys.",
      volume         = "B399",
      year           = "1993",
      pages          = "17-33",
      doi            = "10.1016/0550-3213(93)90614-U",
      eprint         = "hep-ph/9212236",
      archivePrefix  = "arXiv",
      primaryClass   = "hep-ph",
      reportNumber   = "CERN-TH-6744-92, CALT-68-1869",
      SLACcitation   = "%%CITATION = HEP-PH/9212236;%%"
}


@article{Can:2015exa,
      author         = "Can, K. U. and Erkol, G. and Oka, M. and Takahashi, T.
                        T.",
      title          = "{Look inside charmed-strange baryons from lattice QCD}",
      journal        = "Phys. Rev.",
      volume         = "D92",
      year           = "2015",
      number         = "11",
      pages          = "114515",
      doi            = "10.1103/PhysRevD.92.114515",
      eprint         = "1508.03048",
      archivePrefix  = "arXiv",
      primaryClass   = "hep-lat",
      SLACcitation   = "%%CITATION = ARXIV:1508.03048;%%"
}

@article{Bahtiyar:2018vub,
      author         = "Bahtiyar, H. and Can, K. U. and Erkol, G. and Oka, M. and
                        Takahashi, T. T.",
      title          = "{Radiative transitions of doubly charmed baryons in
                        lattice QCD}",
      journal        = "Phys. Rev.",
      volume         = "D98",
      year           = "2018",
      number         = "11",
      pages          = "114505",
      doi            = "10.1103/PhysRevD.98.114505",
      eprint         = "1807.06795",
      archivePrefix  = "arXiv",
      primaryClass   = "hep-lat",
      SLACcitation   = "%%CITATION = ARXIV:1807.06795;%%"
}


@article{Alexandrou:2016xok,
      author         = "Alexandrou, C. and Hadjiyiannakou, K. and Kallidonis, C.",
      title          = "{Axial charges of hyperons and charmed baryons using
                        $N_f=2+1+1$ twisted mass fermions}",
      journal        = "Phys. Rev.",
      volume         = "D94",
      year           = "2016",
      number         = "3",
      pages          = "034502",
      doi            = "10.1103/PhysRevD.94.034502",
      eprint         = "1606.01650",
      archivePrefix  = "arXiv",
      primaryClass   = "hep-lat",
      SLACcitation   = "%%CITATION = ARXIV:1606.01650;%%"
}



@article{Mathur:2018epb,
      author         = "Mathur, Nilmani and Padmanath, M. and Mondal, Sourav",
      title          = "{Precise predictions of charmed-bottom hadrons from
                        lattice QCD}",
      journal        = "Phys. Rev. Lett.",
      volume         = "121",
      year           = "2018",
      number         = "20",
      pages          = "202002",
      doi            = "10.1103/PhysRevLett.121.202002",
      eprint         = "1806.04151",
      archivePrefix  = "arXiv",
      primaryClass   = "hep-lat",
      reportNumber   = "TIFR/TH/18-09, TIFR-TH-18-09",
      SLACcitation   = "%%CITATION = ARXIV:1806.04151;%%"
}

@article{Mathur:2018rwu,
      author         = "Mathur, Nilmani and Padmanath, M.",
      title          = "{Lattice QCD study of doubly-charmed strange baryons}",
      journal        = "Phys. Rev.",
      volume         = "D99",
      year           = "2019",
      number         = "3",
      pages          = "031501",
      doi            = "10.1103/PhysRevD.99.031501",
      eprint         = "1807.00174",
      archivePrefix  = "arXiv",
      primaryClass   = "hep-lat",
      reportNumber   = "TIFR/TH/18-18, TIFR-TH-18-18",
      SLACcitation   = "%%CITATION = ARXIV:1807.00174;%%"
}

@article{Woloshyn:2016pid,
      author         = "Woloshyn, R. M.",
      title          = "{Excitations of strange bottom baryons}",
      journal        = "Eur. Phys. J.",
      volume         = "A52",
      year           = "2016",
      number         = "9",
      pages          = "273",
      doi            = "10.1140/epja/i2016-16273-0",
      eprint         = "1605.09043",
      archivePrefix  = "arXiv",
      primaryClass   = "hep-lat",
      SLACcitation   = "%%CITATION = ARXIV:1605.09043;%%"
}


@article{Aaij:2018tnn,
      author         = "Aaij, Roel and others",
      title          = "{Observation of Two Resonances in the $\Lambda_b^0
                        \pi^\pm$ Systems and Precise Measurement of $\Sigma_b^\pm$
                        and $\Sigma_b^{*\pm}$ properties}",
      collaboration  = "LHCb",
      journal        = "Phys. Rev. Lett.",
      volume         = "122",
      year           = "2019",
      number         = "1",
      pages          = "012001",
      doi            = "10.1103/PhysRevLett.122.012001",
      eprint         = "1809.07752",
      archivePrefix  = "arXiv",
      primaryClass   = "hep-ex",
      reportNumber   = "LHCb-PAPER-2018-032, CERN-EP-2018-243",
      SLACcitation   = "%%CITATION = ARXIV:1809.07752;%%"
}


@article{Aaij:2018yqz,
      author         = "Aaij, Roel and others",
      title          = "{Observation of a new $\Xi_b^-$ resonance}",
      collaboration  = "LHCb",
      journal        = "Phys. Rev. Lett.",
      volume         = "121",
      year           = "2018",
      number         = "7",
      pages          = "072002",
      doi            = "10.1103/PhysRevLett.121.072002",
      eprint         = "1805.09418",
      archivePrefix  = "arXiv",
      primaryClass   = "hep-ex",
      reportNumber   = "LHCb-PAPER-2018-013, CERN-EP-2018-108,
                        LHCB-PAPER-2018-013",
      SLACcitation   = "%%CITATION = ARXIV:1805.09418;%%"
}


@article{Aaij:2015tga,
      author         = "Aaij, Roel and others",
      title          = "{Observation of $J/\psi p$ Resonances Consistent with
                        Pentaquark States in $\Lambda_b^0 \to J/\psi K^- p$
                        Decays}",
      collaboration  = "LHCb",
      journal        = "Phys. Rev. Lett.",
      volume         = "115",
      year           = "2015",
      pages          = "072001",
      doi            = "10.1103/PhysRevLett.115.072001",
      eprint         = "1507.03414",
      archivePrefix  = "arXiv",
      primaryClass   = "hep-ex",
      reportNumber   = "CERN-PH-EP-2015-153, LHCB-PAPER-2015-029",
      SLACcitation   = "%%CITATION = ARXIV:1507.03414;%%"
}

@article{Aaij:2019vzc,
      author         = "Aaij, Roel and others",
      title          = "{Observation of a narrow pentaquark state, $P_c(4312)^+$,
                        and of two-peak structure of the $P_c(4450)^+$}",
      collaboration  = "LHCb",
      journal        = "Phys. Rev. Lett.",
      volume         = "122",
      year           = "2019",
      number         = "22",
      pages          = "222001",
      doi            = "10.1103/PhysRevLett.122.222001",
      eprint         = "1904.03947",
      archivePrefix  = "arXiv",
      primaryClass   = "hep-ex",
      reportNumber   = "LHCb-PAPER-2019-014 CERN-EP-2019-058",
      SLACcitation   = "%%CITATION = ARXIV:1904.03947;%%"
}


@article{Yokokawa:2006td,
      author         = "Yokokawa, Kazuo and Sasaki, Shoichi and Hatsuda, Tetsuo
                        and Hayashigaki, Arata",
      title          = "{First lattice study of low-energy charmonium-hadron
                        interaction}",
      journal        = "Phys. Rev.",
      volume         = "D74",
      year           = "2006",
      pages          = "034504",
      doi            = "10.1103/PhysRevD.74.034504",
      eprint         = "hep-lat/0605009",
      archivePrefix  = "arXiv",
      primaryClass   = "hep-lat",
      SLACcitation   = "%%CITATION = HEP-LAT/0605009;%%"
}

@article{Liu:2008rza,
      author         = "Liu, Liuming and Lin, Huey-Wen and Orginos, Kostas",
      title          = "{Charmed Hadron Interactions}",
      booktitle      = "{Proceedings, 26th International Symposium on Lattice
                        field theory (Lattice 2008): Williamsburg, USA, July
                        14-19, 2008}",
      journal        = "PoS",
      volume         = "LATTICE2008",
      year           = "2008",
      pages          = "112",
      doi            = "10.22323/1.066.0112",
      eprint         = "0810.5412",
      archivePrefix  = "arXiv",
      primaryClass   = "hep-lat",
      reportNumber   = "JLAB-THY-08-899",
      SLACcitation   = "%%CITATION = ARXIV:0810.5412;%%"
}

@article{Kawanai:2010ev,
      author         = "Kawanai, Taichi and Sasaki, Shoichi",
      title          = "{Charmonium-nucleon potential from lattice QCD}",
      journal        = "Phys. Rev.",
      volume         = "D82",
      year           = "2010",
      pages          = "091501",
      doi            = "10.1103/PhysRevD.82.091501",
      eprint         = "1009.3332",
      archivePrefix  = "arXiv",
      primaryClass   = "hep-lat",
      reportNumber   = "TKYNT-10-14",
      SLACcitation   = "%%CITATION = ARXIV:1009.3332;%%"
}


@article{Beane:2014sda,
      author         = "Beane, S. R. and Chang, E. and Cohen, S. D. and Detmold,
                        W. and Lin, H. -W. and Orginos, K. and Parreño, A. and
                        Savage, M. J.",
      title          = "{Quarkonium-Nucleus Bound States from Lattice QCD}",
      journal        = "Phys. Rev.",
      volume         = "D91",
      year           = "2015",
      number         = "11",
      pages          = "114503",
      doi            = "10.1103/PhysRevD.91.114503",
      eprint         = "1410.7069",
      archivePrefix  = "arXiv",
      primaryClass   = "hep-lat",
      reportNumber   = "INT-PUB-14-049, NT@UW-14-23, MIT-CTP-4600,
                        JLAB-THY-14-1992",
      SLACcitation   = "%%CITATION = ARXIV:1410.7069;%%"
}


@article{Skerbis:2018lew,
      author         = "Skerbis, Ursa and Prelovsek, Sasa",
      title          = "{Nucleon-$J/\psi$ and nucleon-$\eta_{c}$ scattering in
                        $P_{c}$ pentaquark channels from LQCD}",
      journal        = "Phys. Rev.",
      volume         = "D99",
      year           = "2019",
      number         = "9",
      pages          = "094505",
      doi            = "10.1103/PhysRevD.99.094505",
      eprint         = "1811.02285",
      archivePrefix  = "arXiv",
      primaryClass   = "hep-lat",
      SLACcitation   = "%%CITATION = ARXIV:1811.02285;%%"
}
@article{Luscher:1990ux,
	author         = "L{\"u}scher, Martin",
	title          = "{Two particle states on a torus and their relation to the
	scattering matrix}",
	journal        = "Nucl.Phys.",
	volume         = "B354",
	pages          = "531-578",
	doi            = "10.1016/0550-3213(91)90366-6",
	year           = "1991",
	reportNumber   = "DESY-90-131",
	SLACcitation   = "%%CITATION = NUPHA,B354,531;%%",
}

@Article{Rummukainen:1995vs,
	author    = "Rummukainen, K. and Gottlieb, Steven A.",
	title     = "{Resonance scattering phase shifts on a nonrest frame
	lattice}",
	journal   = "Nucl. Phys.",
	volume    = "B450",
	year      = "1995",
	pages     = "397-436",
	eprint    = "hep-lat/9503028",
	archivePrefix = "arXiv",
	doi       = "10.1016/0550-3213(95)00313-H",
	SLACcitation  = "%%CITATION = HEP-LAT/9503028;%%"
}



@Article{Kim:2005gf,
	author    = "Kim, C. h. and Sachrajda, C. T. and Sharpe, Stephen R.",
	title     = "{Finite-volume effects for two-hadron states in moving
	frames}",
	journal   = "Nucl. Phys.",
	volume    = "B727",
	year      = "2005",
	pages     = "218-243",
	eprint    = "hep-lat/0507006",
	archivePrefix = "arXiv",
	doi       = "10.1016/j.nuclphysb.2005.08.029",
	SLACcitation  = "%%CITATION = HEP-LAT/0507006;%%"
}

@Article{Christ:2005gi,
	author    = "Christ, Norman H. and Kim, Changhoan and Yamazaki, Takeshi
	",
	title     = "{Finite volume corrections to the two-particle decay of
	states with  non-zero momentum}",
	journal   = "Phys. Rev.",
	volume    = "D72",
	year      = "2005",
	pages     = "114506",
	eprint    = "hep-lat/0507009",
	archivePrefix = "arXiv",
	doi       = "10.1103/PhysRevD.72.114506",
	SLACcitation  = "%%CITATION = HEP-LAT/0507009;%%"
}
@Article{Fu:2011xz,
	author    = "Fu, Ziwen",
	title     = "{Rummukainen-Gottlieb's formula on two-particle system with
	different mass}",
	journal   = "Phys. Rev.",
	volume    = "D85",
	year      = "2012",
	pages     = "014506",
	eprint    = "1110.0319",
	archivePrefix = "arXiv",
	primaryClass  =  "hep-lat",
	doi       = "10.1103/PhysRevD.85.014506",
	SLACcitation  = "%%CITATION = 1110.0319;%%"
}

@Article{Hansen:2012tf,
	author    = "Hansen, Maxwell T. and Sharpe, Stephen R.",
	title     = "{Multiple-channel generalization of Lellouch-Luscher
	formula}",
	journal   = "Phys. Rev.",
	volume    = "D86",
	year      = "2012",
	pages     = "016007",
	eprint    = "1204.0826",
	archivePrefix = "arXiv",
	primaryClass  =  "hep-lat",
	doi       = "10.1103/PhysRevD.86.016007",
	SLACcitation  = "%%CITATION = 1204.0826;%%"
}
@article{Briceno:2012yi,
      author         = "Briceno, Raul A. and Davoudi, Zohreh",
      title          = "{Moving multichannel systems in a finite volume with
                        application to proton-proton fusion}",
      journal        = "Phys. Rev.",
      volume         = "D88",
      year           = "2013",
      number         = "9",
      pages          = "094507",
      doi            = "10.1103/PhysRevD.88.094507",
      eprint         = "1204.1110",
      archivePrefix  = "arXiv",
      primaryClass   = "hep-lat",
      reportNumber   = "NT-UW-12-05, NT@UW-12-05",
      SLACcitation   = "%%CITATION = ARXIV:1204.1110;%%"
}
@article{Mohler:2012na,
	author         = "Mohler, Daniel and Prelovsek, Sasa and Woloshyn, R.M.",
	title          = "{$D \pi$ scattering and $D$ meson resonances from lattice
	QCD}",
	journal        = "Phys.Rev.",
	number         = "3",
	volume         = "D87",
	pages          = "034501",
	doi            = "10.1103/PhysRevD.87.034501",
	year           = "2013",
	eprint         = "1208.4059",
	archivePrefix  = "arXiv",
	primaryClass   = "hep-lat",
	SLACcitation   = "%%CITATION = ARXIV:1208.4059;%%",
}

@article{Prelovsek:2013cra,
      author         = "Prelovsek, Sasa and Leskovec, Luka",
      title          = "{Evidence for X(3872) from DD* scattering on the
                        lattice}",
      journal        = "Phys. Rev. Lett.",
      volume         = "111",
      year           = "2013",
      pages          = "192001",
      doi            = "10.1103/PhysRevLett.111.192001",
      eprint         = "1307.5172",
      archivePrefix  = "arXiv",
      primaryClass   = "hep-lat",
      SLACcitation   = "%%CITATION = ARXIV:1307.5172;%%"
}
@article{Li:2003jn,
      author         = "Li, Xin and Liu, Chuan",
      title          = "{Two particle states in an asymmetric box}",
      journal        = "Phys. Lett.",
      volume         = "B587",
      year           = "2004",
      pages          = "100-104",
      doi            = "10.1016/j.physletb.2004.02.068",
      eprint         = "hep-lat/0311035",
      archivePrefix  = "arXiv",
      primaryClass   = "hep-lat",
      SLACcitation   = "%%CITATION = HEP-LAT/0311035;%%"
}
@article{Li:2012bi,
      author         = "Li, Ning and Liu, Chuan",
      title          = "{Generalized Lüscher formula in multichannel
                        baryon-meson scattering}",
      journal        = "Phys. Rev.",
      volume         = "D87",
      year           = "2013",
      number         = "1",
      pages          = "014502",
      doi            = "10.1103/PhysRevD.87.014502",
      eprint         = "1209.2201",
      archivePrefix  = "arXiv",
      primaryClass   = "hep-lat",
      SLACcitation   = "%%CITATION = ARXIV:1209.2201;%%"
}
@article{Lage:2009zv,
      author         = "Lage, Michael and Meissner, Ulf-G. and Rusetsky, Akaki",
      title          = "{A Method to measure the antikaon-nucleon scattering
                        length in lattice QCD}",
      journal        = "Phys. Lett.",
      volume         = "B681",
      year           = "2009",
      pages          = "439-443",
      doi            = "10.1016/j.physletb.2009.10.055",
      eprint         = "0905.0069",
      archivePrefix  = "arXiv",
      primaryClass   = "hep-lat",
      reportNumber   = "HISKP-TH-09-17, FZJ-IKP-TH-2009-15",
      SLACcitation   = "%%CITATION = ARXIV:0905.0069;%%"
}
@article{Liu:2005kr,
      author         = "Liu, Chuan and Feng, Xu and He, Song",
      title          = "{Two particle states in a box and the S-matrix in
                        multi-channel scattering}",
      booktitle      = "{QCD and hadronic physics. Proceedings, International
                        Conference, Beijing, China, June 16-20, 2005}",
      journal        = "Int. J. Mod. Phys.",
      volume         = "A21",
      year           = "2006",
      pages          = "847-850",
      doi            = "10.1142/S0217751X06032150",
      eprint         = "hep-lat/0508022",
      archivePrefix  = "arXiv",
      primaryClass   = "hep-lat",
      SLACcitation   = "%%CITATION = HEP-LAT/0508022;%%"
}
@article{Gautheron:2010wva,
      author         = "Gautheron, F and others",
      title          = "{COMPASS-II Proposal}",
      collaboration  = "COMPASS",
      year           = "2010",
      reportNumber   = "SPSC-P-340, CERN-SPSC-2010-014",
      SLACcitation   = "%%CITATION = SPSC-P-340;%%"
}
@article{Brown:2014sea,
      author         = "Brown, C. and others",
      title          = "{Letter of Intent for a Drell-Yan Experiment with a
                        Polarized Proton Target}",
      doi            = "10.2172/1296770",
      year           = "2014",
      reportNumber   = "FERMILAB-PROPOSAL-1039",
      SLACcitation   = "%%CITATION = FERMILAB-PROPOSAL-1039;%%"
}
@article{Stathopoulos:2013aci,
      author         = "Stathopoulos, Andreas and Laeuchli, Jesse and Orginos,
                        Kostas",
      title          = "{Hierarchical probing for estimating the trace of the
                        matrix inverse on toroidal lattices}",
      year           = "2013",
      eprint         = "1302.4018",
      archivePrefix  = "arXiv",
      primaryClass   = "hep-lat",
      reportNumber   = "JLAB-THY-13-1725",
      SLACcitation   = "%%CITATION = ARXIV:1302.4018;%%"
}
@article{He:2005ey,
      author         = "He, Song and Feng, Xu and Liu, Chuan",
      title          = "{Two particle states and the S-matrix elements in
                        multi-channel scattering}",
      journal        = "JHEP",
      volume         = "07",
      year           = "2005",
      pages          = "011",
      doi            = "10.1088/1126-6708/2005/07/011",
      eprint         = "hep-lat/0504019",
      archivePrefix  = "arXiv",
      primaryClass   = "hep-lat",
      SLACcitation   = "%%CITATION = HEP-LAT/0504019;%%"
}
@article{Bedaque:2004kc,
      author         = "Bedaque, Paulo F.",
      title          = "{Aharonov-Bohm effect and nucleon nucleon phase shifts on
                        the lattice}",
      journal        = "Phys. Lett.",
      volume         = "B593",
      year           = "2004",
      pages          = "82-88",
      doi            = "10.1016/j.physletb.2004.04.045",
      eprint         = "nucl-th/0402051",
      archivePrefix  = "arXiv",
      primaryClass   = "nucl-th",
      reportNumber   = "LBNL-54557",
      SLACcitation   = "%%CITATION = NUCL-TH/0402051;%%"
}
@article{Bernard:2010fp,
      author         = "Bernard, V. and Lage, M. and Meissner, U. -G. and
                        Rusetsky, A.",
      title          = "{Scalar mesons in a finite volume}",
      journal        = "JHEP",
      volume         = "01",
      year           = "2011",
      pages          = "019",
      doi            = "10.1007/JHEP01(2011)019",
      eprint         = "1010.6018",
      archivePrefix  = "arXiv",
      primaryClass   = "hep-lat",
      reportNumber   = "PREPRINT-HISKP-TH-10-21, FZJ-IKP(TH)-2010-18",
      SLACcitation   = "%%CITATION = ARXIV:1010.6018;%%"
}
@article{Leskovec:2012gb,
      author         = "Leskovec, Luka and Prelovsek, Sasa",
      title          = "{Scattering phase shifts for two particles of different
                        mass and non-zero total momentum in lattice QCD}",
      journal        = "Phys. Rev.",
      volume         = "D85",
      year           = "2012",
      pages          = "114507",
      doi            = "10.1103/PhysRevD.85.114507",
      eprint         = "1202.2145",
      archivePrefix  = "arXiv",
      primaryClass   = "hep-lat",
      SLACcitation   = "%%CITATION = ARXIV:1202.2145;%%"
}
@article{Guo:2012hv,
      author         = "Guo, Peng and Dudek, Jozef and Edwards, Robert and
                        Szczepaniak, Adam P.",
      title          = "{Coupled-channel scattering on a torus}",
      journal        = "Phys. Rev.",
      volume         = "D88",
      year           = "2013",
      number         = "1",
      pages          = "014501",
      doi            = "10.1103/PhysRevD.88.014501",
      eprint         = "1211.0929",
      archivePrefix  = "arXiv",
      primaryClass   = "hep-lat",
      reportNumber   = "JLAB-THY-12-1659",
      SLACcitation   = "%%CITATION = ARXIV:1211.0929;%%"
}
@article{Detmold:2004qn,
      author         = "Detmold, William and Savage, Martin J.",
      title          = "{Electroweak matrix elements in the two nucleon sector
                        from lattice QCD}",
      journal        = "Nucl. Phys.",
      volume         = "A743",
      year           = "2004",
      pages          = "170-193",
      doi            = "10.1016/j.nuclphysa.2004.07.007",
      eprint         = "hep-lat/0403005",
      archivePrefix  = "arXiv",
      primaryClass   = "hep-lat",
      reportNumber   = "NT-UW-04-004",
      SLACcitation   = "%%CITATION = HEP-LAT/0403005;%%"
}
@article{Bernard:2012bi,
      author         = "Bernard, V. and Hoja, D. and Meissner, U. G. and
                        Rusetsky, A.",
      title          = "{Matrix elements of unstable states}",
      journal        = "JHEP",
      volume         = "09",
      year           = "2012",
      pages          = "023",
      doi            = "10.1007/JHEP09(2012)023",
      eprint         = "1205.4642",
      archivePrefix  = "arXiv",
      primaryClass   = "hep-lat",
      SLACcitation   = "%%CITATION = ARXIV:1205.4642;%%"
}
@article{Agadjanov:2014kha,
      author         = "Agadjanov, A. and Bernard, V. and Meißner, U. G. and
                        Rusetsky, A.",
      title          = "{A framework for the calculation of the $\Delta N\gamma^*$
                        transition form factors on the lattice}",
      journal        = "Nucl. Phys.",
      volume         = "B886",
      year           = "2014",
      pages          = "1199-1222",
      doi            = "10.1016/j.nuclphysb.2014.07.023",
      eprint         = "1405.3476",
      archivePrefix  = "arXiv",
      primaryClass   = "hep-lat",
      SLACcitation   = "%%CITATION = ARXIV:1405.3476;%%"
}
@article{Agadjanov:2016fbd,
      author         = "Agadjanov, Andria and Bernard, Véronique and Meißner,
                        Ulf-G. and Rusetsky, Akaki",
      title          = "{The $B\to K^*$ form factors on the lattice}",
      journal        = "Nucl. Phys.",
      volume         = "B910",
      year           = "2016",
      pages          = "387-409",
      doi            = "10.1016/j.nuclphysb.2016.07.005",
      eprint         = "1605.03386",
      archivePrefix  = "arXiv",
      primaryClass   = "hep-lat",
      SLACcitation   = "%%CITATION = ARXIV:1605.03386;%%"
}
@article{Lellouch:2000pv,
      author         = "Lellouch, Laurent and Lüscher, Martin",
      title          = "{Weak transition matrix elements from finite volume
                        correlation functions}",
      journal        = "Commun. Math. Phys.",
      volume         = "219",
      year           = "2001",
      pages          = "31-44",
      doi            = "10.1007/s002200100410",
      eprint         = "hep-lat/0003023",
      archivePrefix  = "arXiv",
      reportNumber   = "CERN-TH-2000-091, CPT-2000-PE-3984, LAPTH-788-00",
      SLACcitation   = "%%CITATION = HEP-LAT/0003023;%%"
}
@article{Guo:2017jvc,
      author         = "Guo, Feng-Kun and Hanhart, Christoph and Meißner, Ulf-G.
                        and Wang, Qian and Zhao, Qiang and Zou, Bing-Song",
      title          = "{Hadronic molecules}",
      journal        = "Rev. Mod. Phys.",
      volume         = "90",
      year           = "2018",
      number         = "1",
      pages          = "015004",
      doi            = "10.1103/RevModPhys.90.015004",
      eprint         = "1705.00141",
      archivePrefix  = "arXiv",
      primaryClass   = "hep-ph",
      SLACcitation   = "%%CITATION = ARXIV:1705.00141;%%"
}
@article{Gockeler:2012yj,
      author         = "Gockeler, M. and Horsley, R. and Lage, M. and Meissner,
                        U. -G. and Rakow, P. E. L. and Rusetsky, A. and
                        Schierholz, G. and Zanotti, J. M.",
      title          = "{Scattering phases for meson and baryon resonances on
                        general moving-frame lattices}",
      journal        = "Phys. Rev.",
      volume         = "D86",
      year           = "2012",
      pages          = "094513",
      doi            = "10.1103/PhysRevD.86.094513",
      eprint         = "1206.4141",
      archivePrefix  = "arXiv",
      primaryClass   = "hep-lat",
      reportNumber   = "ADP-12-27-T794, DESY-12-098, EDINBURGH-2012-09, LTH-948",
      SLACcitation   = "%%CITATION = ARXIV:1206.4141;%%"
}
@article{Albaladejo:2016lbb,
      author         = "Albaladejo, Miguel and Fernandez-Soler, Pedro and Guo,
                        Feng-Kun and Nieves, Juan",
      title          = "{Two-pole structure of the $D^\ast_0(2400)$}",
      journal        = "Phys. Lett.",
      volume         = "B767",
      year           = "2017",
      pages          = "465-469",
      doi            = "10.1016/j.physletb.2017.02.036",
      eprint         = "1610.06727",
      archivePrefix  = "arXiv",
      primaryClass   = "hep-ph",
      SLACcitation   = "%%CITATION = ARXIV:1610.06727;%%"
}
@article{Doring:2011vk,
      author         = "Doring, M. and Meissner, Ulf-G. and Oset, E. and
                        Rusetsky, A.",
      title          = "{Unitarized Chiral Perturbation Theory in a finite
                        volume: Scalar meson sector}",
      journal        = "Eur. Phys. J.",
      volume         = "A47",
      year           = "2011",
      pages          = "139",
      doi            = "10.1140/epja/i2011-11139-7",
      eprint         = "1107.3988",
      archivePrefix  = "arXiv",
      primaryClass   = "hep-lat",
      SLACcitation   = "%%CITATION = ARXIV:1107.3988;%%"
}
@article{Hammer:2017kms,
      author         = "Hammer, H. -W. and Pang, J. -Y. and Rusetsky, A.",
      title          = "{Three particle quantization condition in a finite
                        volume: 2. general formalism and the analysis of data}",
      journal        = "JHEP",
      volume         = "10",
      year           = "2017",
      pages          = "115",
      doi            = "10.1007/JHEP10(2017)115",
      eprint         = "1707.02176",
      archivePrefix  = "arXiv",
      primaryClass   = "hep-lat",
      SLACcitation   = "%%CITATION = ARXIV:1707.02176;%%"
}
@article{Hammer:2017uqm,
      author         = "Hammer, Hans-Werner and Pang, Jin-Yi and Rusetsky, A.",
      title          = "{Three-particle quantization condition in a finite
                        volume: 1. The role of the three-particle force}",
      journal        = "JHEP",
      volume         = "09",
      year           = "2017",
      pages          = "109",
      doi            = "10.1007/JHEP09(2017)109",
      eprint         = "1706.07700",
      archivePrefix  = "arXiv",
      primaryClass   = "hep-lat",
      SLACcitation   = "%%CITATION = ARXIV:1706.07700;%%"
}
@article{Guo:2015umn,
      author         = "Guo, Feng-Kun and Meißner, Ulf-G. and Wang, Wei and
                        Yang, Zhi",
      title          = "{How to reveal the exotic nature of the P$_c$(4450)}",
      journal        = "Phys. Rev.",
      volume         = "D92",
      year           = "2015",
      number         = "7",
      pages          = "071502",
      doi            = "10.1103/PhysRevD.92.071502",
      eprint         = "1507.04950",
      archivePrefix  = "arXiv",
      primaryClass   = "hep-ph",
      SLACcitation   = "%%CITATION = ARXIV:1507.04950;%%"
}
